@article{heyer2006text,
  title={Text mining: Wissensrohstoff text},
  author={Heyer, Gerhard and Quasthoff, Uwe and Wittig, Thomas},
  journal={W3l, Herdecke},
  volume={18},
  year={2006}
}

@article{DBLP:journals/it/BoehlkeHW13,
  author    = {Volker Boehlke and
               Gerhard Heyer and
               Peter Wittenburg},
  title     = {IT-Based Research Infrastructures for the Humanities and Social Sciences
               - Developments, Examples, Standards, and Technology},
  journal   = {it - Information Technology},
  volume    = {55},
  number    = {1},
  pages     = {26--33},
  year      = {2013},
  url       = {http://dx.doi.org/10.1524/itit.2013.0004},
  doi       = {10.1524/itit.2013.0004},
  timestamp = {Sun, 17 Mar 2013 15:07:16 +0100},
  biburl    = {http://dblp.uni-trier.de/rec/bib/journals/it/BoehlkeHW13},
  bibsource = {dblp computer science bibliography, http://dblp.org}
}



@incollection{DBLP:series/sci/Heyer12,
  author    = {Gerhard Heyer},
  title     = {Learning Semantic Relations from Text},
  booktitle = {Modeling, Learning, and Processing of Text Technological Data Structures},
  pages     = {333--346},
  year      = {2012},
  crossref  = {DBLP:series/sci/2012-370},
  url       = {http://dx.doi.org/10.1007/978-3-642-22613-7_16},
  doi       = {10.1007/978-3-642-22613-7_16},
  timestamp = {Sun, 08 Sep 2013 17:47:22 +0200},
  biburl    = {http://dblp.uni-trier.de/rec/bib/series/sci/Heyer12},
  bibsource = {dblp computer science bibliography, http://dblp.org}
}


% Encoding: UTF-8
@inproceedings{adel,
author = "Julien Plu, Giuseppe Rizzo and RaphaÃ«l Troncy",
title = "An Hybrid Approach for Entity Recognition and Linking",
booktitle = {Proceedings of the OKE Challenge 2015 co-located with the 12th Extended Semantic Web Conference (ESWC 2015)},
year = {2015},
}

@techreport{techreport_gerbil,
  added-at = {2016-02-21T10:49:22.000+0100},
  author = {Michael, R{\"o}der and Usbeck, Ricardo and {Ngonga Ngomo}, Axel-Cyrille},
  biburl = {http://www.bibsonomy.org/bibtex/22b00df51a87ed5bc21343872ecf42911/aksw},
  institution = {Leipzig University},
  interhash = {61c6e7defd75e4409cc701e2c311288f},
  intrahash = {2b00df51a87ed5bc21343872ecf42911},
  keywords = {gerbil group_aksw ngonga roeder simba usbeck},
  timestamp = {2016-02-21T10:49:22.000+0100},
  title = {Techreport for GERBIL 1.2.2 - V1},
  url = {http://svn.aksw.org/papers/2016/techreport_gerbil/public.pdf},
  year = 2016
}


@inproceedings{Dojchinovski:2013:ECMLPKDD13,
 author = {Dojchinovski, Milan and Kliegr, Tomas},
 title = {Entityclassifier.eu: Real-time Classification of Entities in Text with Wikipedia},
 booktitle = {Proceedings of the European Conference on Machine Learning and Principles and Practice of Knowledge Discovery in Databases},
 series = {ECMLPKDD'13},
 year = {2013},
 location = {Prague, Czech Republic},
 pages = {1--1},
 numpages = {1}
}


@InProceedings{agdistis_ecai,
  author =    {Ricardo Usbeck and Axel-Cyrille {Ngonga Ngomo} and Michael R{\"{o}}der and Daniel Gerber and Sandro Athaide Coelho and S{\"{o}}ren Auer and Andreas Both},
  title =     {{AGDISTIS - Agnostic Disambiguation of Named Entities Using Linked Open Data}},
  booktitle = {21st European Conference on Artificial Intelligence},
  year =      {2014},
  pages =     {1113--1114}
  }

@InProceedings{bhagdev:2008:hse,
  author =    {Ravish Bhagdev and Sam Chapman and Fabio Ciravegna and Vitaveska Lanfranchi and Daniela Petrelli},
  title =     {Hybrid Search: Effectively Combining Keywords and Semantic Searches},
  booktitle = {5th European Semantic Web Conference},
  year =      {2008},
  pages =     {554--568},
  bibsource = {dblp computer science bibliography, http://dblp.org},
  biburl =    {http://dblp.uni-trier.de/rec/bib/conf/esws/BhagdevCCLP08},
  doi =       {10.1007/978-3-540-68234-9_41},
  timestamp = {Thu, 31 Jul 2014 11:17:14 +0200}
}

@InProceedings{dblp:conf/esws/cherixubl14,
  author =    {Didier Cherix and Ricardo Usbeck and Andreas Both and Jens Lehmann},
  title =     {{CROCUS: Cluster-based Ontology Data Cleansing}},
  booktitle = {Joint Second International Workshop on Semantic Web Enterprise Adoption and Best Practice and Second International Workshop on Finance and Economics on the Semantic Web at ESWC},
  year =      {2014}
}

@InProceedings{dblp:conf/esws/cherixubl14a,
  author =    {Didier Cherix and Ricardo Usbeck and Andreas Both and Jens Lehmann},
  title =     {Lessons Learned - The Case of {CROCUS:} Cluster-Based Ontology Data Cleansing},
  booktitle = {The Semantic Web: {ESWC} 2014 Satellite Events - {ESWC} 2014 Satellite Events, Anissaras, Crete, Greece, May 25-29, 2014, Revised Selected Papers},
  year =      {2014},
  pages =     {14--24},
  bibsource = {dblp computer science bibliography, http://dblp.org},
  biburl =    {http://dblp.uni-trier.de/rec/bib/conf/esws/CherixUBL14a},
  timestamp = {Thu, 16 Oct 2014 13:16:15 +0200}
}

@InProceedings{dblp:conf/gi/rodersu13,
  author =    {Michael R{\"{o}}der and Maximilian Speicher and Ricardo Usbeck},
  title =     {{Investigating Quality Raters' Performance Using Interface Evaluation Methods}},
  booktitle = {Informatik 2013, 43. Jahrestagung der Gesellschaft f{\"{u}}r Informatik e.V. (GI)},
  year =      {2013},
  pages =     {137--139}
}

@InProceedings{dblp:conf/i-semantics/estevesmnsual15,
  author =    {Diego Esteves and Diego Moussallem and Ciro Baron Neto and Tommaso Soru and Ricardo Usbeck and Markus Ackermann and Jens Lehmann},
  title =     {{MEX Vocabulary: A Light\-weight Interchange Format for Machine Learning Experiments}},
  booktitle = {SEMANTiCS},
  year =      {2015},
  pages =     {169--176}
}

@InProceedings{dblp:conf/i-semantics/marxunhla14,
  author =    { Marx, Edgard and Usbeck, Ricardo and {Ngonga Ngomo},Axel-Cyrille and  H{\"{o}}ffner, Konrad and Lehmann, Jens  and Auer, S{\"{o}}ren },
  title =    {{Towards an Open Question Answering Architecture}},
  booktitle = {SEMANTiCS},
  year =      {2014},
  pages =     {57--60},
  bibsource = {dblp computer science bibliography, http://dblp.org},
  biburl =    {http://dblp.uni-trier.de/rec/bib/conf/i-semantics/MarxUNHLA14},
  timestamp = {Thu, 06 Nov 2014 20:40:23 +0100}
}

@InProceedings{dblp:conf/semweb/ngomoru14,
  author =    {{Ngonga Ngomo},Axel-Cyrille  and Michael R{\"{o}}der and Ricardo Usbeck},
  title =     {Cross-Document Coreference Resolution Using Latent Features},
  booktitle = {2nd International Workshop on Linked Data for Information Extraction at the International Semantic Web Conference},
  year =      {2014},
  pages =     {33--44},
  bibsource = {dblp computer science bibliography, http://dblp.org},
  biburl =    {http://dblp.uni-trier.de/rec/bib/conf/semweb/NgomoRU14},
  timestamp = {Thu, 30 Oct 2014 15:37:57 +0100}
}

@InProceedings{ger+13,
  author =    {Daniel Gerber and Sebastian Hellmann and Lorenz B{\"{u}}hmann and Tommaso Soru and Ricardo Usbeck and Axel-Cyrille {Ngonga Ngomo}},
  title =     {{Real-Time {RDF} Extraction from Unstructured Data Streams}},
  booktitle = {International Semantic Web Conference (ISWC)},
  year =      {2013},
  pages =     {135--150}
}

@InProceedings{nif4oggd,
  author =    {Mohamed Ahmed Sherif and Sandro Coelho and Ricardo Usbeck and Sebastian Hellmann and Jens Lehmann and Martin Br{\"{u}}mmer and Andreas Both},
  title =     {{NIF4OGGD - {NLP} Interchange Format for Open German Governmental Data}},
  booktitle = {Conference on language resources and evaluation (LREC)},
  year =      {2014},
  pages =     {3524--3528}
}

@InProceedings{agdistis_iswc,
  author =    { Usbeck, Ricardo and {Ngonga Ngomo}, Axel-Cyrille  and  Lorenz B{\"{u}}hmann and  R{\"{o}}der, Michael and Gerber, Daniel and  {Athaide Coelho}, Sandro and Auer, S{\"{o}}ren  and  Both, Andreas},
  title =     {{AGDISTIS - Graph-Based Disambiguation of Named Entities Using Linked Data}},
  booktitle = {International Semantic Web Conference (ISWC)},
  year =      {2014},
  pages =     {457--471}
}

@InProceedings{agdistisdemo,
  author =    {Usbeck, Ricardo and {Ngonga Ngomo}, Axel-Cyrille and Luo, Wencan and Wesemann, Lars},
  title =     {{Multilingual Disambiguation of Named Entities Using Linked Data}},
  booktitle = {International Semantic Web Conference (ISWC), Demos \& Posters},
  year =      {2014}
}

@InProceedings{aida,
  author =    {Hoffart, Johannes and Yosef, Mohamed Amir and Bordino, Ilaria and F{\"u}rstenau, Hagen and Pinkal, Manfred and Spaniol, Marc and Taneva, Bilyana and Thater, Stefan and Wiegand, Michael and Weikum, Gerhard},
  title =     {Robust disambiguation of named entities in text},
  booktitle = {Conference on Empirical Methods in Natural Language Processing : EMNLP 2011},
  year =      {2011},
  pages =     {782--792},
  address =   {Stroudsburg, PA},
  month =     {27-31 July},
  note =      {MP, 978-1-937284-11-4}
}

@InCollection{assess,
  author =    {B\"uhmann, Lorenz and Usbeck, Ricardo and {Ngonga Ngomo}, Axel-Cyrille},
  title =     {{ASSESS - Automatic Self-Assessment Using Linked Data}},
  booktitle = {International Semantic Web Conference (ISWC)},
  publisher = {Springer International Publishing},
  year =      {2015}
}

@Article{babelfy,
  author =  {Moro, Andrea and Raganato, Alessandro and Navigli, Roberto},
  title =   {Entity Linking meets Word Sense Disambiguation: A Unified Approach},
  journal = {TACL},
  year =    {2014},
  volume =  {2}
}

@InProceedings{babelfyapi,
  author =    {Moro, Andrea and Cecconi, Francesco and Navigli, Roberto},
  title =     {Multilingual Word Sense Disambiguation and Entity Linking for Everybody},
  booktitle = {International Semantic Web Conference (ISWC), Demos \& Posters},
  year =      {2014}
}

@Article{babelnet,
  author =  {Roberto Navigli and Simone Paolo Ponzetto},
  title =   {{B}abel{N}et: {T}he Automatic Construction, Evaluation and Application of a Wide-Coverage Multilingual Semantic Network},
  journal = {Artif. Intell.},
  year =    {2012},
  volume =  {193},
  pages =   {217--250}
}

@Article{bernerslee2001semantic,
  author =           {Berners-Lee, Tim and Hendler, James and Lassila, Ora},
  title =            {{The Semantic Web}},
  journal =          {Sci. Amer.},
  year =             {2001},
  volume =           {284},
  number =           {5},
  pages =            {34--43},
  month =            may,
  added-at =         {2012-04-02T16:25:07.000+0200},
  biburl =           {http://www.bibsonomy.org/bibtex/2222934145a71a9d6cfbbb375d4d62c1d/eakaluk},
  interhash =        {e87f09446138a81e6478625da97885b6},
  intrahash =        {222934145a71a9d6cfbbb375d4d62c1d},
  lastdatemodified = {2007-04-27},
  lastname =         {Berners-Lee},
  own =              {notown},
  read =             {notread}
}

@InProceedings{bizer04,
  author =    {Bizer, Christian and Seaborne, Andy},
  title =     {{D2RQ - Treating Non-RDF Databases as Virtual RDF Graphs}},
  booktitle = {International Semantic Web Conference (ISWC), Demos \& Posters},
  year =      {2004},
  month =     nov,
  added-at =  {2008-11-06T09:23:42.000+0100},
  biburl =    {http://www.bibsonomy.org/bibtex/2875e8edccde38b8167e3455e04e0d362/terraces},
  interhash = {db4950b1f27645b6866f0886d5b1071f},
  intrahash = {875e8edccde38b8167e3455e04e0d362}
}

@Article{blei:2003:lda:944919.944937,
  author =     {Blei, David M. and Ng, Andrew Y. and Jordan, Michael I.},
  title =      {Latent Dirichlet Allocation},
  journal =    {J. Mach. Learn. Res.},
  year =       {2003},
  volume =     {3},
  pages =      {993--1022},
  month =      mar,
  acmid =      {944937},
  issn =       {1532-4435},
  issue_date = {3/1/2003},
  numpages =   {30},
  publisher =  {JMLR.org}
}

@InProceedings{bos:2008:wsa:1626481.1626503,
  author =    {Bos, Johan},
  title =     {Wide-coverage Semantic Analysis with Boxer},
  booktitle = {Conference on Semantics in Text Processing},
  year =      {2008},
  series =    {STEP '08},
  pages =     {277--286},
  address =   {Stroudsburg, PA, USA},
  publisher = {Association for Computational Linguistics},
  acmid =     {1626503},
  location =  {Venice, Italy},
  numpages =  {10}
}

@InProceedings{both:2014:ssf:2660517.2660528,
  author =    {Both, Andreas and {Ngonga Ngomo}, Axel-Cyrille and Usbeck, Ricardo and Lukov\-nikov, Denis and Lemke, Christiane and Speicher, Maximilian},
  title =     {{A Service-oriented Search Framework for Full Text, Geospatial and Semantic Search}},
  booktitle = {SEMANTiCS},
  year =      {2014},
  pages =     {65--72}
}

@Book{brachmannkr,
  title =     {Knowledge Representation and Reasoning},
  publisher = {Morgan Kaufmann Publishers Inc.},
  year =      {2004},
  author =    {Ronald Brachman and Hector Levesque},
  address =   {San Francisco, CA, USA}
}

@InProceedings{buhmann2012,
  author =    {Lorenz B{\"u}hmann and Jens Lehmann},
  title =     {Universal OWL Axiom Enrichment for Large Knowledge Bases},
  booktitle = {EKAW},
  year =      {2012},
  pages =     {57--71},
  publisher = {Springer},
  keywords =  {2012 group_aksw event_ekaw group_mole mole buehmann lehmann sys:relevantFor:infai sys:relevantFor:bis sys:relevantFor:lod2 lod2page peer-reviewed},
  owner =     {jl},
  timestamp = {2012.07.18}
}

@InProceedings{cano2014,
  author =    {Amparo Elizabeth {Cano Basave} and Giuseppe Rizzo and Andrea Varga and Matthew Rowe and Milan Stankovic and Aba-Sah Dadzie},
  title =     {Making Sense of Microposts ({\#Microposts2014}) Named Entity Extraction \& Linking Challenge},
  booktitle = {4th Workshop on Making Sense of Microposts {(\#Microposts2014)}},
  year =      {2014}
}

@InProceedings{ceccarelli2013dexter,
  author =    {Ceccarelli, Diego and Lucchese, Claudio and Orlando, Salvatore and Perego, Raffaele and Trani, Salvatore},
  title =     {Dexter: an open source framework for entity linking},
  booktitle = {6th International workshop on Exploiting semantic annotations in Information Retrieval},
  year =      {2013}
}

@InProceedings{cetus_2015,
  author =    {R{\"o}der, Michael and Usbeck, Ricardo and Speck, Ren\'e and {Ngonga Ngomo}, Axel-Cyrille},
  title =     {{CETUS -- A Baseline Approach to Type Extraction}},
  booktitle = {1st Open Knowledge Extraction Challenge at International Semantic Web Conference},
  year =      {2015}
}

@InProceedings{choi2011getting,
  author =    {Choi, Jinho D and Palmer, Martha},
  title =     {Getting the most out of transition-based dependency parsing},
  booktitle = {ACL},
  year =      {2011},
  pages =     {687--692}
}

@InProceedings{choi-palmer:2012:acl2012short,
  author =    {Choi, Jinho D. and Palmer, Martha},
  title =     {Fast and Robust Part-of-Speech Tagging Using Dynamic Model Selection},
  booktitle = {ACL},
  year =      {2012},
  pages =     {363--367},
  address =   {Jeju Island, Korea},
  month =     jul,
  publisher = {Association for Computational Linguistics}
}

@Article{cohen1960coefficient,
  author =    {Cohen, Jacob and others},
  title =     {A coefficient of agreement for nominal scales},
  journal =   {Educational and psychological measurement},
  year =      {1960},
  volume =    {20},
  number =    {1},
  pages =     {37--46},
  publisher = {Durham}
}

@InProceedings{combiningldandir,
  author    = {Ricardo Usbeck},
  title     = {{Combining Linked Data and Statistical Information Retrieval - Next Generation Information Systems}},
  booktitle = {The Semantic Web: Trends and Challenges - 11th International Conference {ESWC} 2014},
  pages     = {845--854},
  year      = {2014}
}

@InProceedings{conf/aaaiss/parundekarka10,
  author =    {Parundekar, Rahul and Knoblock, Craig A. and Ambite, Jos{\'e} Luis},
  title =     {Linking the Deep Web to the Linked DataWeb.},
  booktitle = {AAAI Spring Symposium: Linked Data Meets Artificial Intelligence},
  year =      {2010},
  publisher = {AAAI},
  added-at =  {2012-02-17T00:00:00.000+0100},
  biburl =    {http://www.bibsonomy.org/bibtex/226cc54ee0537722f0bfea98b585c655a/dblp},
  interhash = {029b306b26c8047a37fd4006456c73ba},
  intrahash = {26cc54ee0537722f0bfea98b585c655a}
}

@InProceedings{conf/ekaw/gerbern12,
  author =    {Gerber, Daniel and {Ngonga Ngomo}, Axel-Cyrille},
  title =     {{Extracting Multilingual Natural-Language Patterns for RDF Predicates.}},
  booktitle = {EKAW},
  year =      {2012},
  series =    {Lecture Notes in Computer Science},
  publisher = {Springer}
}

@InProceedings{conll2003,
  author =    {Erik F. {Tjong Kim Sang} and Fien {De Meulder}},
  title =     {Introduction to the CoNLL-2003~{s}hared task: language-independent named entity recognition},
  booktitle = {7th Conference on Natural language learning at HLT-NAACL},
  year =      {2003},
  series =    {CONLL '03},
  pages =     {142--147},
  address =   {Stroudsburg, PA, USA},
  publisher = {Association for Computational Linguistics},
  location =  {Edmonton, Canada},
  numpages =  {6}
}

@InProceedings{cornolti,
  author =    {Cornolti, Marco and Ferragina, Paolo and Ciaramita, Massimiliano},
  title =     {A Framework for Benchmarking Entity-annotation Systems},
  booktitle = {22nd International Conference on World Wide Web},
  year =      {2013},
  series =    {WWW '13},
  pages =     {249--260},
  address =   {Republic and Canton of Geneva, Switzerland},
  publisher = {International World Wide Web Conferences Steering Committee},
  location =  {Rio de Janeiro, Brazil},
  numpages =  {12}
}

@InProceedings{crescenzi2013,
  author =    {Crescenzi, Valter and Merialdo, Paolo and Qiu, Disheng},
  title =     {A framework for learning web wrappers from the crowd},
  booktitle = {22nd International Conference on World Wide Web},
  year =      {2013},
  series =    {WWW '13},
  pages =     {261--272},
  address =   {Republic and Canton of Geneva, Switzerland},
  publisher = {International World Wide Web Conferences Steering Committee},
  acmid =     {2488412},
  location =  {Rio de Janeiro, Brazil},
  numpages =  {12}
}

@InProceedings{cucerzan07,
  author =    {Silviu Cucerzan},
  title =     {Large-Scale Named Entity Disambiguation Based on Wikipedia Data},
  booktitle = {EMNLP-CoNLL},
  year =      {2007},
  pages =     {708--716}
}

@Article{dalvi:2011:awl:1938545.1938547,
  author =     {Dalvi, Nilesh and Kumar, Ravi and Soliman, Mohamed},
  title =      {Automatic wrappers for large scale web extraction},
  journal =    {Proc. VLDB Endow.},
  year =       {2011},
  volume =     {4},
  number =     {4},
  pages =      {219--230},
  month =      jan,
  acmid =      {1938547},
  issn =       {2150-8097},
  issue_date = {January 2011},
  numpages =   {12},
  publisher =  {VLDB Endowment}
}

@Misc{datacube,
  author = {Cyganiak, Richard and Reynolds, Dave and Tennison, Jeni},
  title =  {{The RDF Data Cube Vocabulary}},
  year =   {2014},
  note =   {http://www.w3.org/TR/vocab-data-cube/}
}

@InProceedings{dataid,
  author =    {Br{\"u}mmer, Martin and Baron, Ciro and Ermilov, Ivan and Freudenberg, Markus and Kontokostas, Dimitris and Hellmann, Sebastian},
  title =     {{DataID}: Towards Semantically Rich Metadata for Complex Datasets},
  booktitle = {SEMANTiCS},
  year =      {2014},
  acmid =     {2660538}
}

@InProceedings{dblp:conf/webist/blancocm05,
  author =    {Lorenzo Blanco and Valter Crescenzi and Paolo Merialdo},
  title =     {Efficiently Locating Collections of Web Pages to Wrap},
  booktitle = {WEBIST},
  year =      {2005},
  pages =     {247--254}
}

@Article{dblp:journals/aai/crescenzim08,
  author =  {Valter Crescenzi and Paolo Merialdo},
  title =   {{Wrapper Inference for Ambiguous Web Pages}},
  journal = {Applied Artificial Intelligence},
  year =    {2008},
  volume =  {22},
  number =  {1{\&}2},
  pages =   {21--52}
}

@Article{dblp:journals/corr/pengzz14,
  author =  {Peng Peng and Lei Zou and Dongyan Zhao},
  title =   {On The Marriage of {SPARQL} and Keywords},
  journal = {CoRR},
  year =    {2014},
  volume =  {abs/1411.6335},
  biburl =  {http://dblp.uni-trier.de/rec/bib/journals/corr/PengZZ14}
}

@Article{dblp:journals/kbs/yoo12,
  author =  {Donghee Yoo},
  title =   {Hybrid query processing for personalized information retrieval on the Semantic Web},
  journal = {Knowledge Base Systems},
  year =    {2012},
  volume =  {27},
  pages =   {211--218}
}

@Article{dblp:journals/semweb/lopezusm11,
  author =  {Vanessa Lopez and Victoria S. Uren and Marta Sabou and Enrico Motta},
  title =   {Is Question Answering fit for the Semantic Web?: {A} survey},
  journal = {Semantic Web Journal},
  year =    {2011},
  volume =  {2},
  number =  {2},
  pages =   {125--155},
  biburl =  {http://dblp.uni-trier.de/rec/bib/journals/semweb/LopezUSM11}
}

@Article{dblp:journals/ws/mcdowellc08,
  author =  {Luke McDowell and Michael J. Cafarella},
  title =   {Ontology-driven, unsupervised instance population},
  journal = {Journal of Web Semantics},
  year =    {2008},
  volume =  {6},
  number =  {3},
  pages =   {218--236}
}

@InProceedings{dbpedia-lemon,
  author =    {Christina Unger and John McCrae and Sebastian Walter and Sara Winter and Philipp Cimiano},
  title =     {{A lemon lexicon for DBpedia}},
  booktitle = {1st International Workshop on NLP and DBpedia, co-located with the International Semantic Web Conference},
  year =      {2013}
}

@Article{dbpedia-swj,
  author =    {Jens Lehmann and Robert Isele and Max Jakob and Anja Jentzsch and Dimitris Kontokostas and Pablo N. Mendes and Sebastian Hellmann and Mohamed Morsey and Patrick van Kleef and S{\"o}ren Auer and Christian Bizer},
  title =     {{DBpedia} - A Large-scale, Multilingual Knowledge Base Extracted from Wikipedia},
  journal =   {Semantic Web Journal},
  year =      {2014},
  booktitle = {{DB}pedia - A Large-scale, Multilingual Knowledge Base Extracted from Wikipedia},
  publisher = {IOS Press}
}

@Misc{dcat,
  author = {Maali, Fadi and Erickson, John and Archer, Phil},
  title =  {{Data Catalog Vocabulary ({DC}AT)}},
  year =   {2014},
  note =   {http://www.w3.org/TR/vocab-dcat/}
}

@Book{dl-handbook,
  title =     {The description logic handbook: theory, implementation, and applications},
  publisher = {Cambridge University Press},
  year =      {2003},
  author =    {Franz Baader and Diego Calvanese and Deborah L. McGuinness and Daniele Nardi and Peter F. Patel-Schneider},
  address =   {New York, NY, USA}
}

@InProceedings{doddington2004automatic,
  author =    {Doddington, George R and Mitchell, Alexis and Przybocki, Mark A and Ramshaw, Lance A and Strassel, Stephanie and Weischedel, Ralph M},
  title =     {The Automatic Content Extraction ({AC}E) Program-Tasks, Data, and Evaluation.},
  booktitle = {Conference on language resources and evaluation (LREC)},
  year =      {2004}
}

@InProceedings{ell+11,
  author =    {Ell, Basil and Vrande\v{c}ic, Denny and Simperl, Elena},
  title =     {Labels in the web of data},
  booktitle = {International Semantic Web Conference (ISWC)},
  year =      {2011},
  series =    {ISWC'11},
  pages =     {162--176},
  address =   {Berlin, Heidelberg},
  publisher = {Springer-Verlag},
  acmid =     {2063028},
  location =  {Bonn, Germany},
  numpages =  {15}
}

@InProceedings{ephyra2007,
  author =    {Nico Schlaefer and Jeongwoo Ko and Justin Betteridge and Manas A. Pathak and Eric Nyberg and Guido Sautter},
  title =     {Semantic Extensions of the Ephyra {QA} System for {TREC} 2007},
  booktitle = {16th Text REtrieval Conference, {TREC}},
  year =      {2007},
  bibsource = {dblp computer science bibliography, http://dblp.org},
  biburl =    {http://dblp2.uni-trier.de/rec/bib/conf/trec/SchlaeferKBPNS07}
}

@Article{erd2014,
  author =    {David Carmel and Ming-Wei Chang and Evgeniy Gabrilovich and Bo-June (Paul) Hsu and Kuansan Wang},
  title =     {{ERD} 2014: Entity Recognition and Disambiguation Challenge},
  journal =   {SIGIR Forum},
  year =      {2014},
  publisher = {ACM}
}

@InProceedings{exalg,
  author =    {Arasu, {A.} and Garcia-Molina, {H.}},
  title =     {Extracting Structured Data from Web Pages},
  booktitle = {SIGMOD},
  year =      {2003},
  pages =     {337--348}
}

@Article{flesca2004web,
  author =    {Flesca, Sergio and Manco, Giuseppe and Masciari, Elio and Rende, Eugenio and Tagarelli, Andrea},
  title =     {Web wrapper induction: a brief survey},
  journal =   {AI Communications},
  year =      {2004},
  volume =    {17},
  number =    {2},
  pages =     {57--61},
  publisher = {IOS Press}
}

@InCollection{fox,
  author =    {Speck, Ren\'e and {Ngonga Ngomo}, Axel-Cyrille},
  title =     {Ensemble Learning for Named Entity Recognition},
  booktitle = {International Semantic Web Conference (ISWC)},
  publisher = {Springer International Publishing},
  year =      {2014},
  volume =    {8796},
  series =    {Lecture Notes in Computer Science},
  pages =     {519--534}
}

@InCollection{fred_typing,
  author =    {Consoli, Sergio and Recupero, DiegoReforgiato},
  title =     {{Using FRED for Named Entity Resolution, Linking and Typing for Knowledge Base Population}},
  booktitle = {Semantic Web Evaluation Challenges},
  publisher = {Springer International Publishing},
  year =      {2015},
  editor =    {Gandon, Fabien and Cabrio, Elena and Stankovic, Milan and Zimmermann, Antoine},
  volume =    {548},
  series =    {Communications in Computer and Information Science},
  pages =     {40--50},
  language =  {English}
}

@Article{freya,
  author =    {Danica Damljanovic and Milan Agatonovic and Hamish Cunningham and Kalina Bontcheva},
  title =     {Improving habitability of natural language interfaces for querying ontologies with feedback and clarification dialogues},
  journal =   {Journal of Web Semantics},
  year =      {2013},
  volume =    {19},
  pages =     {1--21},
  bibsource = {dblp computer science bibliography, http://dblp.org},
  biburl =    {http://dblp.uni-trier.de/rec/bib/journals/ws/DamljanovicACB13},
  timestamp = {Wed, 24 Apr 2013 16:22:41 +0200}
}

@Misc{ftp,
  author =  {J. Postel and J. K. Reynolds},
  title =   {{RFC 959}: File Transfer Protocol},
  month =   oct,
  year =    {1985},
  address = {http://www.ietf.org/rfc/rfc959.txt}
}

@InProceedings{gentile2013,
  author =     {Gentile, Anna Lisa and Zhang, Ziqi and Augenstein, Isabelle and Ciravegna, Fabio},
  title =      {Unsupervised wrapper induction using linked data},
  booktitle =  {7th International Conference on Knowledge Capture},
  year =       {2013},
  series =     {K-CAP '13},
  pages =      {41--48},
  address =    {New York, NY, USA},
  publisher =  {ACM},
  acmid =      {2479845},
  bdsk-url-2 = {http://dx.doi.org/10.1145/2479832.2479845},
  keywords =   {induction, linked data, unsupervised, wrapper},
  location =   {Banff, Canada},
  numpages =   {8}
}

@Article{gerber2015,
  author =    {Gerber, Daniel and Esteves, Diego and Lehmann, Jens and B{\"u}hmann, Lorenz and Usbeck, Ricardo and {Ngonga Ngomo}, Axel-Cyrille and Speck, Ren{\'e}},
  title =     {{DeFacto - Temporal and Multilingual Deep Fact Validation}},
  journal =   {Web Semantics: Science, Services and Agents on the World Wide Web},
  year =      {2015},
  biburl =    {http://www.bibsonomy.org/bibtex/2577820901cdb8cf401059e9c66d08c83/aksw},
  interhash = {ec1a21edb9c9ed4899a19e3f11b7c58b},
  intrahash = {577820901cdb8cf401059e9c66d08c83},
  keywords =  {2015 MOLE defacto esteves geoknow gerber group_aksw lehmann ngonga simba speck usbeck},
  timestamp = {2015-12-28T14:59:55.000+0100}
}

@InProceedings{gerbil,
  author =    {Usbeck, Ricardo and R{\"o}der, Michael and {Ngonga Ngomo}, Axel-Cyrille and Baron, Ciro and Both, Andreas and Br{\"u}mmer, Martin and Ceccarelli, Diego and Cornolti, Marco and Cherix, Didier and Eickmann, Bernd and Ferragina, Paolo and Lemke, Christiane and Moro, Andrea and Navigli, Roberto and Piccinno, Francesco and Rizzo, Giuseppe and Sack, Harald and Speck, Ren{\'e} and Troncy, Rapha{\"e}l and Waitelonis, J{\"o}rg and Wesemann, Lars},
  title =     {{GERBIL -- General Entity Annotation Benchmark Framework}},
  booktitle = {24th International Conference on World Wide Web},
  year =      {2015}
}

@InProceedings{gerbil_demo_2015,
  author    = {Usbeck, Ricardo and
               R{\"o}der, Michael and
               {Ngonga Ngomo}, Axel-Cyrille},
  title     = {Evaluating Entity Annotators Using {GERBIL}},
  booktitle = {The Semantic Web: {ESWC} 2015 Satellite Events, Revised Selected Papers, Demos \& Posters},
  pages     = {159--164},
  year      = {2015}}

@InProceedings{gerbil_dev_2015,
  author =    {R{\"o}der, Michael and Usbeck, Ricardo and {Ngonga Ngomo}, Axel-Cyrille},
  title =     {{Developing a Sustainable Platform for Entity Annotation Benchmarks}},
  booktitle = {{Developers Workshop 2015 at ESWC}},
  year =      {2015}
}

@Misc{gil2014,
  author = {Yolanda Gil},
  title =  {Semantic Challenges in Getting Work Done},
  year =   {2014},
  note =   {Invited Talk at ISWC}
}

@InProceedings{goldhahn12.327,
  author =    {Dirk Goldhahn and Thomas Eckart and Uwe Quasthoff},
  title =     {Building Large Monolingual Dictionaries at the Leipzig Corpora Collection: From 100 to 200 Languages},
  booktitle = {8th International Conference on Language Resources and Evaluation (LREC'12)},
  year =      {2012},
  date =      {23-25},
  language =  {english}
}

@InProceedings{green1961baseball,
  author =       {Green Jr, Bert F and Wolf, Alice K and Chomsky, Carol and Laughery, Kenneth},
  title =        {Baseball: an automatic question-answerer},
  booktitle =    {Western Joint IRE-AIEE-ACM computer conference},
  year =         {1961},
  pages =        {219--224},
  organization = {ACM}
}

@InProceedings{hao2011,
  author =     {Hao, Qiang and Cai, Rui and Pang, Yanwei and Zhang, Lei},
  title =      {From one tree to a forest: a unified solution for structured web data extraction},
  booktitle =  {34th ACM SIGIR},
  year =       {2011},
  series =     {SIGIR '11},
  pages =      {775--784},
  address =    {New York, NY, USA},
  publisher =  {ACM},
  acmid =      {2010020},
  bdsk-url-2 = {http://dx.doi.org/10.1145/2009916.2010020},
  keywords =   {information extraction, site-level information, structured data, vertical knowledge},
  location =   {Beijing, China},
  numpages =   {10}
}

@InProceedings{hawk_2015,
  author =    {Usbeck, Ricardo and {Ngonga Ngomo}, Axel-Cyrille and  B{\"{u}}hmann, Lorenz and Unger, Chris\-tina},
  title =     {{HAWK -- Hybrid Question Answering Using Linked Data}},
  booktitle = {Extended Semantic Web Conference},
  year =      {2015},
  pages =     {353--368}
}

@InProceedings{hawk_clef_2015,
  author =    {Usbeck, Ricardo and {Ngonga Ngomo}, Axel-Cyrille},
  title =     {{HAWK@QALD5 -- Trying to Answer Hybrid Questions with Various Simple Ranking Techniques}},
  booktitle = {CLEF 2015 Labs and Workshops, Notebook Papers. CEUR Workshop Proceedings (CEUR-WS.org/Vol-1391)},
  year =      {2015}
}

@InProceedings{hawk_nliwod_2015,
  author =    {Usbeck, Ricardo and K{\"o}rner, Erik and {Ngonga Ngomo}, Axel-Cyrille},
  title =     {{Answering Boolean Hybrid Questions with HAWK}},
  booktitle = {NLIWOD workshop at International Semantic Web Conference (ISWC)},
  year =      {2015}
}

@InProceedings{hearst1992,
  author =    {Hearst, Marti A.},
  title =     {Automatic Acquisition of Hyponyms from Large Text Corpora},
  booktitle = {COLING},
  year =      {1992}
}

@Article{hits,
  author =     {Jon M. Kleinberg},
  title =      {Authoritative sources in a hyperlinked environment},
  journal =    {J. ACM},
  year =       {1999},
  volume =     {46},
  number =     {5},
  pages =      {604--632},
  month =      sep,
  acmid =      {324140},
  address =    {New York, NY, USA},
  bdsk-url-2 = {http://dx.doi.org/10.1145/324133.324140},
  issn =       {0004-5411},
  issue_date = {Sept. 1999},
  keywords =   {World Wide Web, graph algorithms, hypertext structure, link analysis},
  numpages =   {29},
  publisher =  {ACM}
}

@InProceedings{hoffart:2014:dee:2566486.2568003,
  author =    {Hoffart, Johannes and Altun, Yasemin and Weikum, Gerhard},
  title =     {Discovering Emerging Entities with Ambiguous Names},
  booktitle = {23rd International Conference on World Wide Web},
  year =      {2014},
  series =    {WWW '14},
  pages =     {385--396},
  address =   {New York, NY, USA},
  publisher = {ACM},
  acmid =     {2568003},
  keywords =  {emerging entity discovery, entity disambiguation, knowledge base population},
  location =  {Seoul, Korea},
  numpages =  {12}
}

@InProceedings{hoffartsntw:2012,
  author =    {Hoffart, Johannes and Seufert, Stephan and Nguyen, Dat Ba and Theobald, Martin and Weikum, Gerhard},
  title =     {{KORE: keyphrase overlap relatedness for entity disambiguation}},
  booktitle = {CIKM},
  year =      {2012}
}

@InProceedings{hogue:2005:tau:1060745.1060762,
  author =     {Hogue, Andrew and Karger, David},
  title =      {Thresher: automating the unwrapping of semantic content from the World Wide Web},
  booktitle =  {14th International Conference on World Wide Web},
  year =       {2005},
  series =     {WWW '05},
  pages =      {86--95},
  address =    {New York, NY, USA},
  publisher =  {ACM},
  acmid =      {1060762},
  bdsk-url-2 = {http://dx.doi.org/10.1145/1060745.1060762},
  keywords =   {RDF, haystack, semantic Web, tree edit distance, wrapper induction},
  location =   {Chiba, Japan},
  numpages =   {10}
}

@Misc{http,
  author =  {R. Fielding and J. Gettys and J. Mogul and H. Frystyk and L. Masinter and P. Leach and T. Berners-Lee},
  title =   {{RF}C 2616, Hypertext Transfer Protocol -- HTTP/1.1},
  year =    {1999},
  address = {http://www.ietf.org/rfc/rfc2616.html}
}

@InProceedings{ilprints361,
  author =    {S. Brin and L. Page},
  title =     {The Anatomy of a Large-Scale Hypertextual Web Search Engine},
  booktitle = {7th International World Wide Web Conference},
  year =      {1998}
}

@Misc{iri,
  author =    {M. Duerst and M. Suignard},
  title =     {{RFC 3987: Internationalized Resource Identifiers ({IR}Is)}},
  month =     jan,
  year =      {2005},
  address =   {http://www.ietf.org/rfc/rfc3987.txt},
  number =    {3987},
  publisher = {IETF},
  series =    {Request for Comments}
}

@InProceedings{iswc2013nif,
  author =    {Sebastian Hellmann and Jens Lehmann and S\"oren Auer and Martin Br\"ummer},
  title =     {{Integrating NLP using Linked Data}},
  booktitle = {International Semantic Web Conference (ISWC)},
  year =      {2013},
  keywords =  {hellmann bruemmer lehmann auer group_aksw sys:relevantFor:infai sys:relevantFor:bis sys:relevantFor:lod2 lod2page 2013 event_ISWC nlp2rdf_publications},
  owner =     {soeren},
  timestamp = {2013.06.01}
}

@Article{jermyn1999preparing,
  author =  {Jermyn, Paul and Dixon, Maurice and Read, Brian J},
  title =   {Preparing clean views of data for data mining},
  journal = {ERCIM Work. on Database Res},
  year =    {1999}
}

@TechReport{json-ld,
  author =      {Manu Sporny and Gregg Kellogg and Markus Lanthaler},
  title =       {JSON-LD Syntax 1.0},
  institution = {W3C},
  year =        {2012},
  address =     {http://json-ld.org/spec/latest/json-ld-syntax/},
  month =       dec,
  day =         {8}
}

@Article{kilgarri1998senseval,
  author =  {Kilgarri, Adam},
  title =   {Senseval: An exercise in evaluating word sense disambiguation programs},
  journal = {1st International Conference on language resources and evaluation (LREC)},
  year =    {1998}
}

@InProceedings{kleb11wims,
  author =    {Joachim Kleb and Andreas Abecker},
  title =     {Disambiguating entity references within an ontological model},
  booktitle = {WIMS},
  year =      {2011},
  pages =     {22},
  ee =        {http://doi.acm.org/10.1145/1988688.1988714}
}

@InProceedings{klebeswc10,
  author =    {Joachim Kleb and Andreas Abecker},
  title =     {Entity Reference Resolution via Spreading Activation on RDF-Graphs},
  booktitle = {European Semantic Web Conference},
  year =      {2010},
  pages =     {152--166},
  ee =        {http://dx.doi.org/10.1007/978-3-642-13486-9_11}
}

@Article{kolomiyets:2011,
  author =     {Kolomiyets, Oleksandr and Moens, Marie-Francine},
  title =      {A Survey on Question Answering Technology from an Information Retrieval Perspective},
  journal =    {Inf. Sci.},
  year =       {2011},
  volume =     {181},
  number =     {24},
  pages =      {5412--5434},
  month =      dec,
  acmid =      {2047162},
  address =    {New York, NY, USA},
  issn =       {0020-0255},
  issue_date = {December, 2011},
  keywords =   {Information retrieval, Natural language interfaces, Question answering, Retrieval and ranking models},
  numpages =   {23},
  publisher =  {Elsevier Science Inc.}
}

@InProceedings{kulkarni2009collective,
  author =       {Kulkarni, Sayali and Singh, Amit and Ramakrishnan, Ganesh and Chakrabarti, Soumen},
  title =        {Collective annotation of Wikipedia entities in web text},
  booktitle =    {15th ACM SIGKDD},
  year =         {2009},
  pages =        {457--466},
  organization = {ACM}
}

@InProceedings{lafferty:2001:crf:645530.655813,
  author =    {Lafferty, John D. and McCallum, Andrew and Pereira, Fernando C. N.},
  title =     {Conditional Random Fields: Probabilistic Models for Segmenting and Labeling Sequence Data},
  booktitle = {18th International Conference on Machine Learning},
  year =      {2001},
  series =    {ICML '01},
  pages =     {282--289},
  address =   {San Francisco, CA, USA},
  publisher = {Morgan Kaufmann Publishers Inc.},
  acmid =     {655813},
  numpages =  {8}
}

@InProceedings{linden,
  author =       {Wei Shen and Jianyong Wang and Ping Luo and Min Wang},
  title =        {Linden: linking named entities with knowledge base via semantic knowledge},
  booktitle =    {21st International Conference on World Wide Web},
  year =         {2012},
  pages =        {449--458},
  organization = {ACM}
}

@Misc{linkeddata-rules,
  author =       {Tim Berners-Lee},
  title =        {{Linked Data}},
  howpublished = {World wide web design issues},
  month =        jul,
  year =         {2006},
  address =      {http://www.w3.org/DesignIssues/LinkedData.html}
}

@Article{linkedgeodata,
  author =    {Stadler, Claus and Lehmann, Jens and H{\"o}ffner, Konrad and Auer, S{\"o}ren},
  title =     {LinkedGeoData: A Core for a Web of Spatial Open Data},
  journal =   {Semantic Web Journal},
  year =      {2012},
  volume =    {3},
  number =    {4},
  pages =     {333--354},
  keywords =  {sys:relevantFor:bis sys:relevantFor:infai stadler lehmann hoeffner auer mole lgd 2011},
  owner =     {stadler},
  timestamp = {2011.09.09}
}

@Article{linkedsdmx,
  author =   {Capadisli, Sarven and Auer, S{\"o}ren and {Ngonga Ngomo}, Axel-Cyrille},
  title =    {Linked {SDMX} Data},
  journal =  {Semantic Web Journal},
  year =     {2013},
  added-at = {2014-11-07T16:47:02.000+0100}
}

@InProceedings{mahdisoltani2014yago3,
  author =    {Mahdisoltani, Farzaneh and Biega, Joanna and Suchanek, Fabian},
  title =     {{YAGO3: A knowledge base from multilingual Wikipedias}},
  booktitle = {CIDR},
  year =      {2014}
}

@Misc{mcnamee2009overview,
  author = {McNamee, Paul},
  title =  {Overview of the TAC 2009 knowledge base population track},
  year =   {2009}
}

@Article{microdata,
  author =  {Jason Ronallo},
  title =   {{HTML5 Microdata and Schema.org}},
  journal = {The Code4Lib Journal},
  year =    {2012},
  number =  {16},
  month =   feb,
  note =    {schema.org},
  address = {http://journal.code4lib.org/articles/6400?utm_source=feedburner\&\#38;utm_medium=feed\&\#38;utm_campaign=Feed%3A+c4lj+%28The+Code4Lib+Journal%29\&\#38;utm_content=Google+Reader\#author}
}

@Misc{microformats,
  author =  {Frances Berriman and Dan Cederholm and Dan Tantek \c{C}elik and Dan Rohit Khare and Dan Ryan King and Dan Kevin Marks and Dan Ben Ward},
  title =   {{Microformats}},
  year =    {2004},
  address = {http://microformats.org/}
}

@InProceedings{mihalcea:2007:wld:1321440.1321475,
  author =     {Rada Mihalcea and Andras Csomai},
  title =      {Wikify!: linking documents to encyclopedic knowledge},
  booktitle =  {16th ACM CIKM},
  year =       {2007},
  series =     {CIKM '07},
  pages =      {233--242},
  address =    {New York, NY, USA},
  publisher =  {ACM},
  acmid =      {1321475},
  bdsk-url-2 = {http://dx.doi.org/10.1145/1321440.1321475},
  keywords =   {keyword extraction, semantic annotation, wikipedia, word sense disambiguation},
  location =   {Lisbon, Portugal},
  numpages =   {10}
}

@InProceedings{milne2008learning,
  author =    {Milne, David and Witten, Ian H},
  title =     {Learning to link with wikipedia},
  booktitle = {17th ACM CIKM},
  year =      {2008},
  pages =     {509--518}
}

@Proceedings{msm2014,
  title =     {Proceedings, 4th Workshop on Making Sense of Microposts {(\#Microposts2014)}: Big things come in small packages, Seoul, Korea, 7th {April} 2014},
  year =      {2014},
  editor =    {Matthew Rowe and Milan Stankovic and Aba-Sah Dadzie},
  booktitle = {Making Sense of Microposts {(\#Microposts2014)}}
}

@InProceedings{n3,
  author =    {Michael R{\"o}der and Ricardo Usbeck and Daniel Gerber and Sebastian Hellmann and Andreas Both},
  title =     {{$\mbox{N}^3$ - A Collection of Datasets for Named Entity Recognition and Disambiguation in the NLP Interchange Format}},
  booktitle = {Conference on language resources and evaluation (LREC)},
  year =      {2014}
}

@TechReport{n3-tech,
  author =      {Tim Berners-Lee and Dan Connolly},
  title =       {{Notation3 (N3): W3{C} RDF Core WG Internal Working Draft}},
  institution = {W3C},
  year =        {2008},
  address =     {http://www.w3.org/TeamSubmission/n3/},
  month =       jan,
  series =      {W3C Team Submission}
}

@Article{nad:sek,
  author =    {David Nadeau and Satoshi Sekine},
  title =     {{A survey of named entity recognition and classification}},
  journal =   {Lingvisticae Investigationes},
  year =      {2007},
  volume =    {30},
  number =    {1},
  pages =     {3--26},
  month =     jan,
  note =      {Publisher: John Benjamins Publishing Company},
  added-at =  {2010-04-22T18:12:00.000+0200},
  biburl =    {http://www.bibsonomy.org/bibtex/231a3c28acfe2301ba810b2fccd1ea392/hkorte},
  interhash = {2d9a1a5440885a8741a1686f344a9494},
  intrahash = {31a3c28acfe2301ba810b2fccd1ea392},
  issue =     {1},
  keywords =  {named_entity_recognition survey},
  masid =     {14352020}
}

@Misc{nakatani2010langdetect,
  author = {Shuyo, Nakatani},
  title =  {Language Detection Library for Java},
  year =   {2010}
}

@InProceedings{namedgraphs,
  author =    {Jeremy J. Carroll and Christian Bizer and Pat Hayes and Patrick Stickler},
  title =     {Named graphs, provenance and trust},
  booktitle = {14th International Conference on World Wide Web},
  year =      {2005},
  series =    {WWW '05},
  pages =     {613--622},
  address =   {New York, NY, USA},
  publisher = {ACM},
  acmid =     {1060835},
  keywords =  {RDF, provenance, semantic Web, trust},
  location =  {Chiba, Japan},
  numpages =  {10}
}

@InProceedings{naviglietal:13,
  author =    {Navigli, Roberto and Jurgens, David and Vannella, Daniele},
  title =     {{SemEval-2013~{T}ask 12: Multilingual Word Sense Disambiguation}},
  booktitle = {SemEval-2013},
  year =      {2013}
}

@InProceedings{naviglilh:2007,
  author =    {Navigli, Roberto and Litkowski, Kenneth C. and Hargraves, Orin},
  title =     {{SemEval-2007~{T}ask 07: Coarse-Grained English All-Words Task}},
  booktitle = {SemEval-2007},
  year =      {2007}
}

@InProceedings{ngongangomo2014,
  author =    {{Ngonga Ngomo}, Axel-Cyrille and R{\"o}der, Michael and Usbeck, Ricardo},
  title =     {{Cross-Document Coreference Resolution using Latent Features}},
  booktitle = {LD4IE---Linked Data for Information Extraction at ISWC 2014},
  year =      {2014}
}

@InCollection{nif,
  author =    {Hellmann, Sebastian and Lehmann, Jens and Auer, S{\"o}ren and Br{\"u}mmer, Martin},
  title =     {{Integrating NLP using Linked Data}},
  booktitle = {Internation Semantic Web Conference (ISWC)},
  publisher = {Springer},
  year =      {2013},
  pages =     {98--113}
}

@Misc{ntriples,
  author =      {J. Grant and D. Beckett},
  title =       {{RDF} Test Cases},
  month =       feb,
  year =        {2004},
  institution = {W3C}
}

@InCollection{oak_sheffield,
  author =    {Gao, Jie and Mazumdar, Suvodeep},
  title =     {Exploiting Linked Open Data to Uncover Entity Types},
  booktitle = {Semantic Web Evaluation Challenges},
  publisher = {Springer International Publishing},
  year =      {2015},
  editor =    {Gandon, Fabien and Cabrio, Elena and Stankovic, Milan and Zimmermann, Antoine},
  volume =    {548},
  series =    {Communications in Computer and Information Science},
  pages =     {51--62},
  language =  {English}
}

@Misc{odrl,
  author = {McRoberts, Mo and Rodr{\'\i}guez-Doncel, V{\'\i}ctor},
  title =  {{Open Digital Rights Language (ODRL) Ontology}},
  year =   {2014},
  note =   {http://www.w3.org/ns/odrl/2/}
}

@InCollection{okechallenge,
  author =    {Nuzzolese, Andrea-Giovanni and Gentile, AnnaLisa and Presutti, Valentina and Gangemi, Aldo and Garigliotti, DarÃ­o and Navigli, Roberto},
  title =     {Open Knowledge Extraction Challenge},
  booktitle = {Semantic Web Evaluation Challenges},
  publisher = {Springer International Publishing},
  year =      {2015},
  editor =    {Gandon, Fabien and Cabrio, Elena and Stankovic, Milan and Zimmermann, Antoine},
  volume =    {548},
  series =    {Communications in Computer and Information Science},
  pages =     {3--15},
  language =  {English}
}

@Article{orakel,
  author =  {Philipp Cimiano and Peter Haase and J{\"{o}}rg Heizmann and Matthias Mantel and Rudi Studer},
  title =   {{Towards portable natural language interfaces to knowledge bases - The case of the {ORAKEL} system}},
  journal = {Data Knowl. Eng.},
  year =    {2008},
  pages =   {325--354}
}

@InCollection{owl,
  author =    {Bechhofer, Sean},
  title =     {{OWL: Web ontology language}},
  booktitle = {Encyclopedia of Database Systems},
  publisher = {Springer},
  year =      {2009},
  pages =     {2008--2009}
}

@TechReport{owl2,
  author =      {Boris Motik and Peter F. Patel-Schneider and Bijan Parsia and Conrad Bock and Achille Fokoue and Peter Haase and Rinke Hoekstra and Ian Horrocks and Alan Ruttenberg and Uli Sattler and Michael Smith},
  title =       {{OWL 2~{W}eb Ontology Language - Structural Specification and Functional-Style Syntax (Second Edition)}},
  institution = {W3C},
  year =        {2012},
  address =     {http://www.w3.org/TR/owl2-syntax/},
  month =       dec
}

@TechReport{owl3,
  author =      {Masahiro Hori and J{\'e}r{\^o}me Euzenat and Peter F. Patel-Schneider},
  title =       {{OWL Web Ontology Language - {XML} Presentation Syntax}},
  institution = {W3C},
  year =        {2003},
  address =     {http://www.w3.org/TR/owl-xmlsyntax/},
  month =       jun
}

@InProceedings{pattern_enrichment,
  author =    {B{\"u}hmann, Lorenz and Lehmann, Jens},
  title =     {Pattern Based Knowledge Base Enrichment},
  booktitle = {International Semantic Web Conference (ISWC)},
  year =      {2013},
  added-at =  {2013-10-06T14:41:34.000+0200},
  biburl =    {http://www.bibsonomy.org/bibtex/2ad5dfdf444dcfb3d6c3f488d92ff835e/aksw},
  interhash = {34a743f3e43ef4e768353bd1941222a3},
  intrahash = {ad5dfdf444dcfb3d6c3f488d92ff835e},
  keywords =  {2013 MOLE buehmann dllearner event_ISWC group_aksw group_mole lehmann lod2page sys:relevantFor:bis sys:relevantFor:infai sys:relevantFor:lod2},
  timestamp = {2013-10-06T14:41:34.000+0200}
}

@Article{peng2011reproducible,
  author =    {Peng, Roger D},
  title =     {Reproducible research in computational science},
  journal =   {Science (New York, Ny)},
  year =      {2011},
  publisher = {NIH Public Access}
}

@InProceedings{piccinno2014tagme,
  author =    {Piccinno, Francesco and Ferragina, Paolo},
  title =     {{From TagME to WAT: a new entity annotator}},
  booktitle = {1st International workshop on Entity recognition \& disambiguation},
  year =      {2014}
}

@Book{pol,
  title =     {Perspectives On Ontology Learning},
  publisher = {AKA / IOS Press},
  year =      {2014},
  editor =    {Lehmann, Jens and Voelker, Johanna},
  series =    {Studies in the Semantic Web}
}

@InCollection{pool-foundations-lod,
  author =    {Jentzsch, Anja and Usbeck, Ricardo and Vrandecic, Denny},
  title =     {{An Incomplete and Simplifying Introduction to Linked Data}},
  booktitle = {Perspectives on Ontology Learning},
  publisher = {AKA / IOS Press},
  year =      {2014},
  editor =    {Lehmann, Jens and Voelker, Johanna},
  pages =     {21--33},
  added-at =  {2015-12-28T15:00:04.000+0100},
  biburl =    {http://www.bibsonomy.org/bibtex/266e20f699a4789690c392371b1259e9e/aksw},
  interhash = {1ce2200d93f7cc1e33304b64ac73b51b},
  intrahash = {66e20f699a4789690c392371b1259e9e},
  keywords =  {2014 MOLE SIMBA group_aksw lehmann mole usbeck},
  timestamp = {2015-12-28T15:00:04.000+0100}
}

@InCollection{poweraqua,
  author =    {Lopez, Vanessa and Motta, Enrico and Uren, Victoria},
  title =     {Poweraqua: Fishing the semantic web},
  booktitle = {The Semantic Web: research and applications},
  publisher = {Springer},
  year =      {2006},
  pages =     {393--410}
}

@InProceedings{pradhan2007semeval,
  author =       {Pradhan, Sameer S. and Loper, Edward and Dligach, Dmitriy and Palmer, Martha},
  title =        {{SemEval-2007 task 17: English lexical sample, SRL and all words}},
  booktitle =    {SemEval-2007},
  year =         {2007},
  pages =        {87--92},
  organization = {Association for Computational Linguistics}
}

@Misc{prov-o,
  author = {Lebo, Timothy and Sahoo, Satya and McGuinness, Deborah and Belhajjame, Khalid and Cheney, James and Corsar, David and Garijo, Daniel and Soiland-Reyes, Stian and Zednik, Stephan and Zhao, Jun},
  title =  {{PROV-O: The PROV Ontology}},
  year =   {2013},
  note =   {http://www.w3.org/TR/prov-o/}
}

@InCollection{pythia,
  author =    {Unger, Christina and Cimiano, Philipp},
  title =     {Pythia: Compositional meaning construction for ontology-based question answering on the Semantic Web},
  booktitle = {Natural Language Processing and Information Systems},
  publisher = {Springer},
  year =      {2011},
  pages =     {153--160}
}

@InProceedings{qakis,
  author =    {Elena Cabrio and Julien Cojan and Fabien Gandon and Amine Hallili},
  title =     {{Querying Multilingual DBpedia with QAKiS}},
  booktitle = {European Sematic Web Conference},
  year =      {2013},
  pages =     {194--198}
}

@InProceedings{qald4,
  author =    {Christina Unger and Corina Forascu and Vanessa Lopez and Axel-Cyrille {Ngonga Ngomo} and Elena Cabrio and Philipp Cimiano and Sebastian Walter},
  title =     {Question Answering over Linked Data {(QALD-4)}},
  booktitle = {Working Notes of CLEF 2014 - Conference and Labs of the Evaluation forum},
  year =      {2014},
  pages =     {1172--1180}
}

@InProceedings{qald5,
  author =    {Unger, Christina and Forascu, Corina and Lopez, Vanessa and {Ngonga Ngomo}, Axel-Cyrille and Cabrio, Elena and Cimiano, Philipp and Walter, Sebastian},
  title =     {{Question Answering over Linked Data (QALD-5)}},
  booktitle = {Working Notes of CLEF 2015 - Conference and Labs of the Evaluation forum},
  year =      {2015},
  editor =    {Cappellato, Linda and Ferro, Nicola and Jones, Gareth and San Juan, Eric},
  volume =    {1391},
  publisher = {Working Notes of CLEF 2015 - Conference and Labs of the Evaluation forum}
}

@Article{qasurvey,
  author =  {H{\"o}ffner, Konrad and Walter, Sebastian and Marx, Edgard and Lehmann, Jens and {Ngonga Ngomo}, Axel-Cyrille and Usbeck, Ricardo},
  title =   {{Overcoming Challenges of Semantic Question Answering in the Semantic Web}},
  journal = {Submitted to Semantic Web Journal}
}

@InProceedings{raro09,
  author =    {Lev Ratinov and Dan Roth},
  title =     {Design challenges and misconceptions in named entity recognition},
  booktitle = {CONLL},
  year =      {2009},
  pages =     {147--155},
  month =     jun,
  comment =   {Named entity recognition; information extraction; knowledge resources; word class models; gazetteers; non-local features; global features; inference methods; BIO vs. BIOLU; text chunk representation},
  funding =   {MIAS, SoD, Library},
  projects =  {IE}
}

@InProceedings{rat:rot,
  author =    {Lev Ratinov and Dan Roth and Doug Downey and Mike Anderson},
  title =     {Local and Global Algorithms for Disambiguation to Wikipedia},
  booktitle = {49th Annual Meeting of the Association for Computational Linguistics: Human Language Technologies},
  year =      {2011},
  pages =     {1375--1384},
  address =   {Portland, Oregon, USA},
  month =     jun,
  publisher = {Association for Computational Linguistics}
}

@TechReport{rdfa,
  author =      {B. Adida and I. Herman and M. Sporny and M. Birbeck},
  title =       {RDFa 1.1 {Primer}},
  institution = {W3C},
  year =        {2012},
  address =     {http://www.w3.org/TR/2012/NOTE-rdfa-primer-20120607/},
  month =       jun,
  language =    {en},
  publisher =   {W3C},
  series =      {Working Group Note}
}

@TechReport{rdfprimer,
  author =      { Frank Manola and Eric Miller},
  title =       {{RDF Primer}},
  institution = {W3C},
  year =        {2004},
  address =     {http://www.w3.org/TR/rdf-primer/},
  month =       feb
}

@TechReport{rdfs,
  author =      {Dan Brickley and Ramanathan V. Guha},
  title =       {RDF Vocabulary Description Language 1.0: RDF Schema},
  institution = {W3C},
  year =        {2004},
  address =     {http://www.w3.org/TR/rdf-schema/},
  journal =     {W3C Recommendation},
  publisher =   {W3C},
  volume =      {10}
}

@Misc{rdf-spec,
  author = {Ora Lassila and Ralph R. Swick and World Wide and Web Consortium},
  title =  {Resource Description Framework (RDF) Model and Syntax Specification},
  year =   {1998}
}

@TechReport{rdfxml,
  author =      {David Beckett},
  title =       {{RDF/{XML} Syntax Specification (Revised)}},
  institution = {W3C},
  year =        {2004},
  address =     {http://www.w3.org/TR/REC-rdf-syntax/},
  month =       feb,
  editor =      {David Beckett}
}

@InProceedings{rex,
  author =    {B{\"u}hmann, Lorenz and Usbeck, Ricardo and {Ngonga Ngomo}, Axel-Cyrille and Saleem, Muhammad and Both, Andreas and Crescenzi, Valter and Merialdo, Paolo and Qiu, Disheng},
  title =     {{Web-Scale Extension of RDF Knowledge Bases from Templated Websites}},
  booktitle = {International Semantic Web Conference (ISWC)},
  year =      {2014},
  pages =     {66--81}
  }

@TechReport{rif,
  author =      {Harold Boley and Gary Hallmark and Michael Kifer and Adrian Paschke and Axel Polleres and Dave Reynolds},
  title =       {{RIF Core Dialect (Second Edition)}},
  institution = {W3C},
  year =        {2013},
  address =     {http://www.w3.org/TR/rif-core/},
  month =       feb
}

@InProceedings{rizzo2014,
  author =    {{R}izzo, {G}iuseppe and van {E}rp, {M}arieke and {T}roncy, {R}apha{\"e}l},
  title =     {{B}enchmarking the extraction and disambiguation of named entities on the semantic web},
  booktitle = {Conference on language resources and evaluation (LREC)},
  year =      {2014}
}

@InProceedings{sal+13a,
  author =    {Saleem, Muhammad and Padmanabhuni, Shanmukha Sampath and {Ngonga Ngomo}, Axel-Cyrille and Almeida, Jonas S. and Decker, Stefan and Deus, Helena F.},
  title =     {Linked Cancer Genome Atlas Database},
  booktitle = {I-Semantics},
  year =      {2013},
  added-at =  {2013-09-17T17:02:30.000+0200},
  biburl =    {http://www.bibsonomy.org/bibtex/2de7af3fcaec0d14b9317ab3c1de715dc/aksw},
  interhash = {680fa93840c8528fee880f7899d36f29},
  intrahash = {de7af3fcaec0d14b9317ab3c1de715dc},
  keywords =  {geoknow group_aksw limes linkinglod ngonga saleem simba},
  owner =     {ngonga},
  timestamp = {2013-09-17T17:02:30.000+0200}
}

@Article{sina_websemantic,
  author =  {Saeedeh Shekarpour and Edgard Marx and Axel-Cyrille {Ngonga Ngomo} and S{\"o}ren Auer},
  title =   {{SINA: Semantic interpretation of user queries for question answering on interlinked data}},
  journal = {Journal of Web Semantics},
  year =    {2014}
}

@InProceedings{singh,
  author =       {Sameer Singh and Amarnag Subramanya and Fernando Pereira and Andrew McCallum},
  title =        {Large-scale cross-document coreference using distributed inference and hierarchical models},
  booktitle =    {49th Annual Meeting of the Association for Computational Linguistics: Human Language Technologies},
  year =         {2011},
  pages =        {793--803},
  organization = {Association for Computational Linguistics}
}

@Article{skos,
  author =    {Alistair Miles and Jos{\'e} R. P{\'e}rez-Ag{\"u}era},
  title =     {{SKOS: Simple Knowledge Organisation for the Web}},
  journal =   {Cataloging \& Classification Quarterly},
  year =      {2007},
  volume =    {43},
  number =    {3},
  pages =     {69--83},
  address =   {http://dx.doi.org/10.1300/J104v43n03_04},
  publisher = {Routledge}
}

@InProceedings{snyder2004english,
  author =    {Snyder, Benjamin and Palmer, Martha},
  title =     {{The English all-words task}},
  booktitle = {Senseval-3},
  year =      {2004},
  pages =     {41--43}
}

@TechReport{sparql11query,
  author =      {Harris, Steve and {Seaborne (eds)}, Andy},
  title =       {{SPARQL} 1.1 Query Language},
  institution = {W3C},
  year =        {2010},
  type =        {Working Draft},
  added-at =    {2013-01-11T15:17:53.000+0100},
  biburl =      {http://www.bibsonomy.org/bibtex/29d4c5162628a179bc0c005a42e294ff5/jpcik},
  groups =      {public},
  interhash =   {874badc4a57f9192d8fc020a5ebcbd97},
  intrahash =   {9d4c5162628a179bc0c005a42e294ff5},
  timestamp =   {2013-01-11T15:17:53.000+0100},
  username =    {jpcik}
}

@InProceedings{spotlight,
  author =    {Mendes, Pablo N. and Jakob, Max and Garcia-Silva, Andres and Bizer, Christian},
  title =     {{DBpedia Spotlight: Shedding Light on the Web of Documents}},
  booktitle = {I-Semantics},
  year =      {2011},
  series =    {ACM International Conference Proceeding Series},
  pages =     {1--8},
  publisher = {ACM},
  added-at =  {2011-11-20T00:00:00.000+0100},
  biburl =    {http://www.bibsonomy.org/bibtex/27fefb94f3f2eed0c061e68b43957adb5/dblp},
  ee =        {http://doi.acm.org/10.1145/2063518.2063519},
  interhash = {92df08698e5608afc6dc5b3e9be76880},
  intrahash = {7fefb94f3f2eed0c061e68b43957adb5},
  keywords =  {dblp},
  timestamp = {2011-11-20T00:00:00.000+0100}
}

@InProceedings{stanfordner,
  author =    {Jenny Rose Finkel and Trond Grenager and Christopher Manning},
  title =     {Incorporating non-local information into information extraction systems by Gibbs sampling},
  booktitle = {43rd Annual Meeting on Association for Computational Linguistics},
  year =      {2005},
  series =    {ACL '05},
  pages =     {363--370},
  address =   {Stroudsburg, PA, USA},
  publisher = {Association for Computational Linguistics},
  acmid =     {1219885},
  location =  {Ann Arbor, Michigan},
  numpages =  {8}
}

@InProceedings{steinmetz-n-2013-statistical,
  author =    {Nadine Steinmetz and Magnus Knuth and Harald Sack},
  title =     {Statistical Analyses of Named Entity Disambiguation Benchmarks},
  booktitle = {International Workshop on NLP and DBpedia at ISWC},
  year =      {2013},
  volume =    {1064},
  series =    {CEUR Workshop Proceedings},
  address =   {Sydney, Australia},
  month =     oct,
  publisher = {CEUR-WS.org}
}

@InProceedings{sundheim:1993:tie:1072017.1072023,
  author =    {Sundheim, Beth M.},
  title =     {Tipster/MUC-5: Information Extraction System Evaluation},
  booktitle = {5th Conference on Message Understanding},
  year =      {1993}
}

@Book{swbook,
  title =     {A Semantic Web Primer},
  publisher = {MIT Press},
  year =      {2004},
  author =    {Antoniou, Grigoris and van Harmelen, Frank},
  address =   {Cambridge, MA, USA}
}

@Article{tagme2,
  author =  {Ferragina, Paolo and Scaiella, Ugo},
  title =   {Fast and Accurate Annotation of Short Texts with Wikipedia Pages.},
  journal = {IEEE Software.},
  year =    {2012},
  volume =  {29},
  number =  {1}
}

@InProceedings{template,
  author =       {Unger, Christina and B{\"u}hmann, Lorenz and Lehmann, Jens and {Ngonga Ngomo}, Axel-Cyrille and Gerber, Daniel and Cimiano, Philipp},
  title =        {Template-based question answering over RDF data},
  booktitle =    {21st International Conference on World Wide Web},
  year =         {2012},
  pages =        {639--648},
  organization = {ACM}
}

@InProceedings{treo,
  author =    {Freitas, Andr{\'e} and Oliveira, Joao Gabriel and Curry, Edward and O'Riain, Se{\'a}n and da Silva, Joao Carlos Pereira},
  title =     {Treo: combining entity-search, spreading activation and semantic relatedness for querying linked data},
  booktitle = {1st Workshop on Question Answering over Linked Data (QALD-1)},
  year =      {2011}
}

@InProceedings{triplify_www,
  author =      {S{\"o}ren Auer and Sebastian Dietzold and Jens Lehmann and Sebastian Hellmann and David Aumueller},
  title =       {Triplify: Light-weight linked data publication from relational databases},
  booktitle =   {18th International Conference on World Wide Web},
  year =        {2009},
  editor =      {Juan Quemada and Gonzalo Le{\'o}n and Yo{\"e}lle S. Maarek and Wolfgang Nejdl},
  pages =       {621--630},
  publisher =   {ACM},
  bdsk-url-2 =  {http://dx.doi.org/10.1145/1526709.1526793},
  bibdate =     {2009-05-05},
  bibsource =   {DBLP, http://dblp.uni-trier.de/db/conf/www/www2009.html\#AuerDLHA09},
  biburl =      {http://www.bibsonomy.org/bibtex/2154a270c13c0f525a2f1ce82bb8aad32/jens},
  description = {publications Jens Lehmann},
  keywords =    {2009 event_www group_aksw auer tramp lehmann hellmann aumueller sys:relevantFor:infai sys:relevantFor:bis triplify seebiproject_Triplify ontowiki_eu peer-reviewed triplify}
}

@TechReport{trix,
  author =      {Jeremy J. Carroll and Patrick Stickler},
  title =       {{TriX:} RDF Triples in {XML}},
  institution = {HP Labs},
  year =        {2004},
  number =      {HPL-2004-56},
  month =       may
}

@InProceedings{unbehauen-jist-2012-sparqlmap,
  author =    {J{\"o}rg Unbehauen and Claus Stadler and S{\"o}ren Auer},
  title =     {Accessing Relational Data on the Web with SparqlMap},
  booktitle = {JIST},
  year =      {2012},
  pages =     {65--80},
  keywords =  {2012 group_aksw event_jist sparqlmap sys:relevantFor:infai sys:relevantFor:bis sys:relevantFor:lod2 peer-reviewed},
  owner =     {joerg},
  timestamp = {2012.11.12}
}

@Misc{uri,
  author =   {T. Berners-Lee and R. Fielding and L. Masinter},
  title =    {{RFC 3986, Uniform Resource Identifier (URI): Generic Syntax}},
  year =     {2005},
  address =  {http://www.ietf.org/rfc/rfc3986.html},
  keywords = {rfc uri}
}

@Misc{uri-registration,
  author =  {T. Hansen and T. Hardie and L. Masinter},
  title =   {{RFC 4395: Guidelines and Registration Procedures for New URI Schemes}},
  year =    {2006},
  address = {http://www.ietf.org/rfc/rfc4395.txt}
}

@Misc{urn,
  author =       {Karen Sollins and Larry Masinter},
  title =        {Functional Requirements for Uniform Resource Names},
  howpublished = {Internet RFC 1737},
  month =        dec,
  year =         {1994},
  keywords =     {imported}
}

@Article{usbeck2014,
  author =   {Usbeck, Ricardo},
  title =    {{Analyse von Mikro-Blogging-Daten}},
  journal =  {Informatik-Spektrum},
  year =     {2014},
  volume =   {38},
  number =   {5},
  pages =    {400--405}
}

@InProceedings{vanerp2013,
  author =    {Marieke Van Erp and Giuseppe Rizzo and Rapha\"el Troncy},
  title =     {Learning with the Web: Spotting Named Entities on the Intersection of {NERD} and Machine Learning},
  booktitle = {Making Sense of Microposts {(\#MSM2013)} Concept Extraction Challenge},
  year =      {2013}
}

@Misc{void,
  author = {Alexander, Keith and Cyganiak, Richard and Hausenblas, Michael and Zhao, Jun},
  title =  {Describing Linked Datasets with the VoID Vocabulary},
  year =   {2011},
  note =   {http://www.w3.org/TR/void/}
}

@Article{watson,
  author =   {Ferrucci, David A. and Brown, Eric W. and Chu-Carroll, Jennifer and Fan, James and Gondek, David and Kalyanpur, Aditya and Lally, Adam and Murdock, J. William and Nyberg, Eric and Prager, John M. and Schlaefer, Nico and Welty, Christopher A.},
  title =    {{Building Watson: An Overview of the DeepQA Project.}},
  journal =  {AI Magazine},
  year =     {2010},
  volume =   {31},
  number =   {3},
  pages =    {59--79},
  added-at = {2012-02-05T17:29:37.000+0100}
}

@InProceedings{weps,
  author =       {Artiles, Javier and Gonzalo, Julio and Sekine, Satoshi},
  title =        {The semeval-2007 weps evaluation: Establishing a benchmark for the web people search task},
  booktitle =    {4th International Workshop on Semantic Evaluations},
  year =         {2007},
  pages =        {64--69},
  organization = {Association for Computational Linguistics}
}

@InProceedings{woods1973progress,
  author =       {Woods, Willian A},
  title =        {Progress in natural language understanding: an application to lunar geology},
  booktitle =    {International computer conference and exposition},
  year =         {1973},
  pages =        {441--450},
  organization = {ACM}
}

@Article{wordnet,
  author =     {Miller, George A.},
  title =      {WordNet: A Lexical Database for English},
  journal =    {Commun. ACM},
  year =       {1995},
  volume =     {38},
  number =     {11},
  pages =      {39--41},
  month =      nov,
  acmid =      {219748},
  address =    {New York, NY, USA},
  issn =       {0001-0782},
  issue_date = {Nov. 1995},
  numpages =   {3},
  publisher =  {ACM}
}

@InProceedings{wsml,
  author =    {Holger Lausen and Jos de Bruijn and Axel Polleres and Dieter Fensel},
  title =     {{WSML - a Language Framework for Semantic Web Services}},
  booktitle = {W3C Workshop on Rule Languages for Interoperability},
  year =      {2005}
}

@TechReport{xsd-part2,
  author =      {David Peterson and Shudi (Sandy) Gao and Ashok Malhotra and C. M. Sperberg-McQueen and Henry S. Thompson and Paul V. Biron and Ashok Malhotra},
  title =       {{W3{C} XML} Schema Definition Language ({XSD}) 1.1~{Pa}rt 2: Datatypes},
  institution = {W3C},
  year =        {2012},
  address =     {http://www.w3.org/TR/xmlschema11-2/},
  journal =     {W3C Recommendation},
  publisher =   {W3C}
}

@Book{xu2014xser,
  title =     {{Xser@ QALD-4: Answering Natural Language Questions via Phrasal Semantic Parsing}},
  publisher = {QALD-4},
  year =      {2014},
  author =    {Xu, Kun and Feng, Yansong and Zhao, Dongyan}
}

@Article{yago2,
  author =     {Hoffart, Johannes and Suchanek, Fabian M. and Berberich, Klaus and Weikum, Gerhard},
  title =      {{YAGO2: A Spatially and Temporally Enhanced Knowledge Base from Wikipedia}},
  journal =    {Artif. Intell.},
  year =       {2013},
  volume =     {194},
  pages =      {28--61},
  month =      jan,
  acmid =      {2405911},
  address =    {Essex, UK},
  issn =       {0004-3702},
  issue_date = {January, 2013},
  keywords =   {Information extraction, Knowledge bases, Ontologies, Spatio-temporal facts},
  numpages =   {34},
  publisher =  {Elsevier Science Publishers Ltd.}
}

@InProceedings{zhang:2007a,
  author =    {Zhang, Lei and Liu, Qiaoling and Zhang, Jie and Wang, Haofen and Pan, Yue and Yu, Yong},
  title =     {{Semplore: An {IR} Approach to Scalable Hybrid Query of Semantic Web Data}},
  booktitle = {International Semantic Web Conference (ISWC)},
  year =      {2007},
  pages =     {652--665}
}
