@inproceedings{HAWK_2015,
  author = {Usbeck, Ricardo and {Ngonga Ngomo}, Axel-Cyrille and B{\"u}hmann, Lorenz and Unger, Christina},
  booktitle = {ESWC},
  title = {{HAWK} - {H}ybrid {Q}uestion {A}nswering over {L}inked {D}ata},
  year = 2015
}

@inproceedings{combiningLDandIR,
  author = {Usbeck, Ricardo},
  booktitle = {11th ESWC, PhD Symposium},
  title = {{Combining Linked Data and Statistical Information Retrieval}},
  year = 2014
}

@inproceedings{choi2011getting,
  title={Getting the most out of transition-based dependency parsing},
  author={Choi, Jinho D and Palmer, Martha},
  booktitle={ACL},
  pages={687--692},
  year={2011},
 % organization={Association for Computational Linguistics}
  %booktitle={Proceedings of the 49th Annual Meeting of the Association for Computational Linguistics: Human Language Technologies: short papers-Volume 2},
}

@incollection{fox,
  author = {Ren\'e Speck and Axel-Cyrille {Ngonga Ngomo}},
  title  = {Ensemble Learning for Named Entity Recognition},
booktitle={ISWC},
  year   = {2014}
%  series = {Lecture Notes in Computer Science}
}

@article{jl_2014/swj_dbpedia,
	title = "{DB}pedia - A Large-scale, Multilingual Knowledge Base Extracted from Wikipedia",
	author = "Jens Lehmann and Robert Isele and Max Jakob and Anja Jentzsch and Dimitris Kontokostas and Pablo Mendes and Sebastian Hellmann and Mohamed Morsey and Patrick van Kleef and S{\"o}ren Auer and Chris Bizer",
	publisher = "IOS Press",
	booktitle = "{DB}pedia - A Large-scale, Multilingual Knowledge Base Extracted from Wikipedia",
	journal = "Semantic Web Journal",
	year = "2014",
}