@inproceedings{Zhang:2007a,
  author = {Zhang, Lei and Liu, Qiaoling and Zhang, Jie and Wang, Haofen and Pan, Yue and Yu, Yong},
  booktitle = {ISWC},
  pages = {652-665},
  title = {{Semplore: An IR Approach to Scalable Hybrid Query of Semantic Web Data}},
  year = 2007
}



@article{DBLP:journals/corr/PengZZ14,
  author    = {Peng Peng and
               Lei Zou and
               Dongyan Zhao},
  title     = {On The Marriage of {SPARQL} and Keywords},
  journal   = {CoRR},
  volume    = {abs/1411.6335},
  year      = {2014},
  url       = {http://arxiv.org/abs/1411.6335},
  timestamp = {Mon, 01 Dec 2014 14:32:13 +0100},
  biburl    = {http://dblp.uni-trier.de/rec/bib/journals/corr/PengZZ14},
  bibsource = {dblp computer science bibliography, http://dblp.org}
}

@incollection{Bhagdev:2008:HSE,
title={Hybrid Search: Effectively Combining Keywords and Semantic Searches},
author={Bhagdev, Ravish and Chapman, Sam and Ciravegna, Fabio and Lanfranchi, Vitaveska and Petrelli, Daniela},
booktitle={ESWC},
year={2008},
pages={554-568}
%series={Lecture Notes in Computer Science},
%editor={Bechhofer, Sean and Hauswirth, Manfred and Hoffmann, Jörg and Koubarakis, Manolis},
%publisher={Springer Berlin Heidelberg},
%volume={5021},
%language={English}
}
@article{TagMe2,
  title={{Fast and Accurate Annotation of Short Texts with Wikipedia Pages.}},
  author={Ferragina, Paolo and Scaiella, Ugo},
  journal={IEEE software},
  year={2012}
%  volume={29},
%  number={1},
}
@inproceedings{milne2008learning,
  title={Learning to link with wikipedia},
  author={Milne, David and Witten, Ian H},
  booktitle={17th ACM CIKM},
  year={2008} 
%  pages={509--518},
}
@inproceedings{spotlight,
  title = {{DBpedia Spotlight: Shedding Light on the Web of Documents}},
  author = {Pablo N. Mendes and Max Jakob and Andres Garcia-Silva and Christian Bizer},
  year = {2011},
  booktitle = {I-Semantics},
}
@inproceedings{choi2011getting,
  title={Getting the most out of transition-based dependency parsing},
  author={Choi, Jinho D and Palmer, Martha},
  booktitle={ACL},
  pages={687--692},
  year={2011},
 % organization={Association for Computational Linguistics}
  %booktitle={Proceedings of the 49th Annual Meeting of the Association for Computational Linguistics: Human Language Technologies: short papers-Volume 2},
}
@incollection{fox,
  author = {Ren\'e Speck and Axel-Cyrille Ngonga Ngomo},
  title  = {Ensemble Learning for Named Entity Recognition},
booktitle={ISWC},
  year   = {2014}
%  series = {Lecture Notes in Computer Science}
}

@inproceedings{treo,
  title={Treo: combining entity-search, spreading activation and semantic relatedness for querying linked data},
  author={Freitas, Andr{\'e} and Oliveira, Joao Gabriel and Curry, Edward and O’Riain, Se{\'a}n and da Silva, Joao Carlos Pereira},
  booktitle={1st Workshop on Question Answering over Linked Data (QALD-1)},
  year={2011}
}

@inproceedings{rdflivenews,
  added-at = {2015-01-18T23:07:08.000+0100},
  author = {Gerber, Daniel and {Ngonga Ngomo}, Axel-Cyrille and Hellmann, Sebastian and Soru, Tommaso and B{\"u}hmann, Lorenz and Usbeck, Ricardo},
  biburl = {http://www.bibsonomy.org/bibtex/238b071530579497bea3ee5ecfe88c282/aksw},
  booktitle = {ISWC},
  interhash = {69fedc2919a550520d40846ba21376b4},
  intrahash = {38b071530579497bea3ee5ecfe88c282},
  keywords = {buehmann gerber group_aksw hellmann ngonga nlp2rdf_publications simba soru usbeck},
  owner = {ngonga},
  timestamp = {2015-01-18T23:07:08.000+0100},
  title = {Real-time {RDF} extraction from unstructured data streams},
  year = 2013
}



@incollection{AGDISTIS_ISWC,
  added-at = {2015-01-13T18:17:16.000+0100},
  author = {Usbeck, Ricardo and {Ngonga Ngomo}, Axel-Cyrille and Auer, S{\"o}ren and Gerber, Daniel and Both, Andreas},
  biburl = {http://www.bibsonomy.org/bibtex/216714b7a1cbd529b4027c1f5e7cefb4a/aksw},
  booktitle = {ISWC},
  interhash = {31e3978b22c47394b37db4e447d78750},
  intrahash = {16714b7a1cbd529b4027c1f5e7cefb4a},
  keywords = {agdistis auer gerber group\_aksw ngonga roeder simba usbeck},
  timestamp = {2015-01-13T18:17:16.000+0100},
  title = {AGDISTIS - Graph-Based Disambiguation of Named Entities using Linked Data},
  url = {http://svn.aksw.org/papers/2014/ISWC_AGDISTIS/public.pdf},
  year = 2014
}



@inproceedings{combiningLDandIR,
  added-at = {2015-01-13T18:17:16.000+0100},
  author = {Usbeck, Ricardo},
  booktitle = {11th ESWC, PhD Symposium},
  title = {{Combining Linked Data and Statistical Information Retrieval}},
  year = 2014
}


@article{SINA_WebSemantic,
title = "SINA: Semantic interpretation of user queries for question answering on interlinked data ",
journal = "Journal of Web Semantics",
year = "2014",
author = "Saeedeh Shekarpour and Edgard Marx and Axel-Cyrille Ngonga Ngomo and Sören Auer"
}

@article{freya,
  author    = {Danica Damljanovic and
               Milan Agatonovic and
               Hamish Cunningham and
               Kalina Bontcheva},
  title     = {Improving habitability of natural language interfaces for querying
               ontologies with feedback and clarification dialogues},
  journal   = {Journal of Web Semantics},
  volume    = {19},
  pages     = {1--21},
  year      = {2013},
  url       = {http://dx.doi.org/10.1016/j.websem.2013.02.002},
  doi       = {10.1016/j.websem.2013.02.002},
  timestamp = {Wed, 24 Apr 2013 16:22:41 +0200},
  biburl    = {http://dblp.uni-trier.de/rec/bib/journals/ws/DamljanovicACB13},
  bibsource = {dblp computer science bibliography, http://dblp.org}
}

@article{PowerAqua,
  author    = {Vanessa Lopez and
               Miriam Fern{\'{a}}ndez and
               Enrico Motta and
               Nico Stieler},
  title     = {{PowerAqua: Supporting users in querying and exploring the Semantic Web}},
  journal   = {Semantic Web Journal},
  volume    = {3},
  pages     = {249--265},
  year      = {2012}%,
  %number    = {3},
}

@article{orakel,
  author    = {Philipp Cimiano and
               Peter Haase and
               J{\"{o}}rg Heizmann and
               Matthias Mantel and
               Rudi Studer},
  title     = {{Towards portable natural language interfaces to knowledge bases - The case of the {ORAKEL} system}},
  year      = {2008},
  pages     = {325--354},
  journal   = {Data Knowl. Eng.}%,
  %volume    = {65},
  %number    = {2},
}

@article{DBLP:journals/kbs/Yoo12,
  author    = {Donghee Yoo},
  title     = {Hybrid query processing for personalized information retrieval
               on the Semantic Web},
  journal   = {Knowledge Base Systems},
  volume    = {27},
  year      = {2012},
  pages     = {211-218},
}
@inproceedings{SESSA,
  author    = {Denis Lukovnikov and Axel-Cyrille Ngonga-Ngomo},
  title     = {SESSA - Keyword-Based Entity Search through Coloured Spreading Activation},
  booktitle = {NLIWoD@ISWC},
  year      = {2014},
}

@inproceedings{pythia,
  author       = {Unger, Christina and Cimiano, Philipp},
  pages        = {153--160},
  series       = {NLDB},
  title        = {{Pythia: Compositional meaning construction for ontology-based question answering on the Semantic Web}},
  year         = {2011}
%  editor       = {Rafael Munoz},
}

@incollection{fedsearch,
year={2013},
booktitle={The Semantic Web – ISWC 2013},
series={Lecture Notes in Computer Science},
editor={Alani, Harith and Kagal, Lalana and Fokoue, Achille and Groth, Paul and Biemann, Chris and Parreira, JosianeXavier and Aroyo, Lora and Noy, Natasha and Welty, Chris and Janowicz, Krzysztof},
title={FedSearch: Efficiently Combining Structured Queries and Full-Text Search in a SPARQL Federation},
publisher={Springer Berlin Heidelberg},
author={Nikolov, Andriy and Schwarte, Andreas and Hütter, Christian},
pages={427-443},
language={English}
}

@article{ephyra2007,
    author = {Nico Schlaefer and Jeongwoo Ko and Justin Betteridge and Guido Sautter and Manas Pathak and Eric Nyberg},
    title = {{Semantic Extensions of the Ephyra QA System for TREC, 2007}},
    year = {2007}
}

@incollection{AGDISTIS,
 author = {Usbeck, Ricardo and {Ngonga Ngomo}, Axel-Cyrille and Michael, Röder and Auer, Sören and Gerber, Daniel and Both, Andreas},
 booktitle = {ISWC},
 title = {{AGDISTIS - Agnostic Disambiguation of Named Entities Using Linked  Open Data}},
 year = 2014
}

@inproceedings{qald4,
  author    = {Christina Unger and
               Corina Forascu and
               Vanessa Lopez and
               Axel{-}Cyrille Ngonga Ngomo and
               Elena Cabrio and
               Philipp Cimiano and
               Sebastian Walter},
  title     = {Question Answering over Linked Data {(QALD-4)}},
  booktitle = {{CLEF}},
  pages     = {1172--1180},
  year      = {2014}
}
@proceedings{DBLP:conf/clef/2014w,
  editor    = {Linda Cappellato and
               Nicola Ferro and
               Martin Halvey and
               Wessel Kraaij},
  title     = {Working Notes for {CLEF} 2014 Conference, Sheffield, UK, September
               15-18, 2014},
  series    = {{CEUR} Workshop Proceedings},
  volume    = {1180},
  publisher = {CEUR-WS.org},
  year      = {2014},
  url       = {http://ceur-ws.org/Vol-1180},
  timestamp = {Wed, 10 Sep 2014 16:36:37 +0200},
  biburl    = {http://dblp.uni-trier.de/rec/bib/conf/clef/2014w},
  bibsource = {dblp computer science bibliography, http://dblp.org}
}

@inproceedings{qakis,
  author    = {Elena Cabrio and
               Julien Cojan and
               Fabien Gandon and
               Amine Hallili},
  title     = {{Querying Multilingual DBpedia with QAKiS}},
  booktitle = {ESWC},
  pages     = {194--198},
  year      = {2013}
}
@proceedings{DBLP:conf/esws/2013s,
  editor    = {Philipp Cimiano and
               Miriam Fern{\'{a}}ndez and
               Vanessa Lopez and
               Stefan Schlobach and
               Johanna V{\"{o}}lker},
  title     = {The Semantic Web: {ESWC} 2013 Satellite Events - {ESWC} 2013 Satellite
               Events, Montpellier, France, May 26-30, 2013, Revised Selected Papers},
  series    = {Lecture Notes in Computer Science},
  volume    = {7955},
  publisher = {Springer},
  year      = {2013},
  url       = {http://dx.doi.org/10.1007/978-3-642-41242-4},
  doi       = {10.1007/978-3-642-41242-4},
  isbn      = {978-3-642-41241-7},
  timestamp = {Mon, 16 Sep 2013 09:40:53 +0200},
  biburl    = {http://dblp.uni-trier.de/rec/bib/conf/esws/2013s},
  bibsource = {dblp computer science bibliography, http://dblp.org}
}

@inproceedings{tbsl,
  author    = {Christina Unger and
               Lorenz B{\"{u}}hmann and
               Jens Lehmann and
               Axel{-}Cyrille Ngonga Ngomo and
               Daniel Gerber and
               Philipp Cimiano},
  title     = {{Template-based question answering over {RDF} data}},
  booktitle = {21st WWW conference},
  pages     = {639--648},
  year      = {2012}
}
@proceedings{DBLP:conf/www/2012,
  editor    = {Alain Mille and
               Fabien L. Gandon and
               Jacques Misselis and
               Michael Rabinovich and
               Steffen Staab},
  title     = {Proceedings of the 21st World Wide Web Conference 2012, {WWW} 2012,
               Lyon, France, April 16-20, 2012},
  publisher = {{ACM}},
  year      = {2012},
  url       = {http://dl.acm.org/citation.cfm?id=2187836},
  isbn      = {978-1-4503-1229-5},
  timestamp = {Thu, 19 Apr 2012 14:34:44 +0200},
  biburl    = {http://dblp.uni-trier.de/rec/bib/conf/www/2012},
  bibsource = {dblp computer science bibliography, http://dblp.org}
}

@article{watson,
  added-at = {2012-02-05T17:29:37.000+0100},
  author = {Ferrucci, David A. and Brown, Eric W. and Chu-Carroll, Jennifer and Fan, James and Gondek, David and Kalyanpur, Aditya and Lally, Adam and Murdock, J. William and Nyberg, Eric and Prager, John M. and Schlaefer, Nico and Welty, Christopher A.},
  journal = {AI Magazine},
  number = 3,
  pages = {59-79},
  title = {{Building Watson: An Overview of the DeepQA Project.}},
  volume = 31,
  year = 2010
}

@article{Kolomiyets:2011,
 author = {Kolomiyets, Oleksandr and Moens, Marie-Francine},
 title = {A Survey on Question Answering Technology from an Information Retrieval Perspective},
 journal = {Inf. Sci.},
 issue_date = {December, 2011},
 volume = {181},
 number = {24},
 month = dec,
 year = {2011},
 issn = {0020-0255},
 pages = {5412--5434},
 numpages = {23},
 url = {http://dx.doi.org/10.1016/j.ins.2011.07.047},
 doi = {10.1016/j.ins.2011.07.047},
 acmid = {2047162},
 publisher = {Elsevier Science Inc.},
 address = {New York, NY, USA},
 keywords = {Information retrieval, Natural language interfaces, Question answering, Retrieval and ranking models},
} 

@article{DBLP:journals/semweb/LopezUSM11,
  author    = {Vanessa Lopez and
               Victoria S. Uren and
               Marta Sabou and
               Enrico Motta},
  title     = {Is Question Answering fit for the Semantic Web?: {A} survey},
  journal   = {Semantic Web Journal},
  volume    = {2},
  number    = {2},
  pages     = {125--155},
  year      = {2011},
  url       = {http://dx.doi.org/10.3233/SW-2011-0041},
  doi       = {10.3233/SW-2011-0041},
  timestamp = {Wed, 14 Sep 2011 14:10:22 +0200},
  biburl    = {http://dblp.uni-trier.de/rec/bib/journals/semweb/LopezUSM11},
  bibsource = {dblp computer science bibliography, http://dblp.org}
}