@incollection{AGDISTIS_ECAI,
  title = {AGDISTIS - Agnostic Disambiguation of Named Entities Using Linked Open Data},
 author = {Usbeck, Ricardo and {Ngonga Ngomo}, Axel-Cyrille and Auer, S\"oren and Gerber, Daniel and Both, Andreas},
  booktitle={European Conference on Artificial Intelligence (poster)},
  year={2014}
}

@inproceedings{N3,
  author = {R\"oder, Michael and Usbeck, Ricardo and Hellmann, Sebastian and Gerber, Daniel and Both, Andreas},
  booktitle = {9th LREC},
  title = {N3 - A Collection of Datasets for Named Entity Recognition and Disambiguation in the NLP Interchange Format},
  year = 2014
}

@inproceedings{GERBIL,
  author = {Usbeck, Ricardo and R{\"o}der, Michael and {Ngonga Ngomo}, Axel-Cyrille and Baron, Ciro and Both, Andreas and Br{\"u}mmer, Martin and Ceccarelli, Diego and Cornolti, Marco and Cherix, Didier and Eickmann, Bernd and Ferragina, Paolo and Lemke, Christiane and Moro, Andrea and Navigli, Roberto and Piccinno, Francesco and Rizzo, Giuseppe and Sack, Harald and Speck, Ren{\'e} and Troncy, Rapha{\"e}l and Waitelonis, J{\"o}rg and Wesemann, Lars},
  booktitle = {24th WWW conference},
  title = {{GERBIL -- General Entity Annotation Benchmark Framework}},
  year = 2015
}



@inproceedings{kulkarni2009collective,
  title={Collective annotation of Wikipedia entities in web text},
  author={Kulkarni, Sayali and Singh, Amit and Ramakrishnan, Ganesh and Chakrabarti, Soumen},
  booktitle={15th ACM SIGKDD},
  pages={457--466},
  year={2009} 
}

@article{ERD2014,
  author = {David Carmel and Ming-Wei Chang and Evgeniy Gabrilovich and Bo-June (Paul) Hsu and Kuansan Wang},
  title = {{ERD} 2014: Entity Recognition and Disambiguation Challenge},
  journal = {SIGIR Forum},
  year = {2014},
  publisher = {ACM}
}

@inproceedings{RatinovRo09,
  author = {L. Ratinov and D. Roth},
  title = {Design Challenges and Misconceptions in Named Entity Recognition},
  booktitle = {CoNLL},
  year = {2009},
}

@ARTICLE{dbpedia-swj,
  author = {Jens Lehmann and Robert Isele and Max Jakob and Anja Jentzsch and Dimitris Kontokostas and Pablo N. Mendes and Sebastian Hellmann and Mohamed Morsey and Patrick van Kleef and S{\"o}ren Auer and Christian Bizer},
  title = {{DBpedia - A Large-scale, Multilingual Knowledge Base Extracted from Wikipedia}},
  journal = {Semantic Web Journal},
  year = {2014},
}

@inproceedings{LINDEN,
  title={Linden: linking named entities with knowledge base via semantic knowledge},
  author={Shen, Wei and Wang, Jianyong and Luo, Ping and Wang, Min},
  booktitle={21st WWW},
  pages={449--458},
  year={2012} 
}
@inproceedings{Mihalcea:2007:WLD:1321440.1321475,
 author = {Mihalcea, Rada and Csomai, Andras},
 title = {Wikify!: linking documents to encyclopedic knowledge},
 booktitle = {16th ACM Conference on information and knowledge management},
 series = {CIKM '07},
 year = {2007},
 address = {Lisbon, Portugal},
 pages = {233--242},
} 

@inproceedings{spotlight,
  title = {{DBpedia Spotlight: Shedding Light on the Web of Documents}},
  author = {Pablo N. Mendes and Max Jakob and Andres Garcia-Silva and Christian Bizer},
  year = {2011},
 booktitle = {I-Semantics},
 % booktitle = {7th International Conference on Semantic Systems (I-Semantics)},
}

@incollection{wang2007pore,
  title={Pore: Positive-only relation extraction from wikipedia text},
  author={Wang, Gang and Yu, Yong and Zhu, Haiping},
  booktitle={The Semantic Web},
  year={2007},
  publisher={Springer}
%  pages={580--594},
}

@inproceedings{DBLP:bibsonomy_dbpedia_live_extraction,
   author  = {Sebastian Hellmann and 
  Claus Stadler and 
  Jens Lehmann and 
  S\"oren Auer},
   title   = {DBpedia Live Extraction},
   booktitle  = {Proc. of 8th International Conference on Ontologies, DataBases, and Applications of Semantics (ODBASE)},
   year = {2009},
}

@article{morsey2012dbpedia,
  title={Dbpedia and the live extraction of structured data from wikipedia},
  author={Morsey, Mohamed and Lehmann, Jens and Auer, S{\"o}ren and Stadler, Claus and Hellmann, Sebastian},
  journal={Program: electronic library and information systems},
  volume={46},
  number={2},
  pages={157--181},
  year={2012},
}


@inproceedings{StanfordNER,
 author = {Finkel, Jenny Rose and Grenager, Trond and Manning, Christopher},
 title = {Incorporating non-local information into information extraction systems by Gibbs sampling},
 booktitle = {ACL},
 year = {2005},
% series = {ACL '05},
% address = {Ann Arbor, Michigan},
% pages = {363--370},
% numpages = {8},
}

@article{HITS,
 author = {Kleinberg, Jon M.},
 title = {Authoritative sources in a hyperlinked environment},
 journal = {J. ACM},
 volume = {46},
 number = {5},
 year = {1999},
 pages = {604--632},
}

@inproceedings{AIDA,
  author = {Hoffart, Johannes and Yosef, Mohamed Amir and Bordino, Ilaria and F{\"u}rstenau, Hagen and Pinkal, Manfred and Spaniol, Marc and Taneva, Bilyana and Thater, Stefan and Weikum, Gerhard},
  title = {{Robust Disambiguation of Named Entities in Text}},
   booktitle = {EMNLP},
  year = {2011}
  %booktitle = {Conference on Empirical Methods in Natural Language Processing},
  %booktitle = {EMNLP},
%  pages = {782--792}
}
@inproceedings{GER+13,
 author = {Gerber, Daniel and {Ngonga Ngomo}, Axel-Cyrille and Hellmann, Sebastian and Soru, Tommaso and B{\"u}hmann, Lorenz and Usbeck, Ricardo},
 booktitle = {ISWC},
 title = {Real-time RDF extraction from unstructured data streams},
 year = 2013
}
@inproceedings{Singh,
  title={Large-scale cross-document coreference using distributed inference and hierarchical models},
  author={Singh, Sameer and Subramanya, Amarnag and Pereira, Fernando and McCallum, Andrew},
  booktitle={49th ACL: Human Language Technologies-},
  pages={793--803},
  year={2011}}

@incollection{fox,
  author = {Ren\'e Speck and Axel-Cyrille Ngonga Ngomo},
  title  = {Ensemble Learning for Named Entity Recognition},
booktitle={The Semantic Web – ISWC 2014},
  year   = {2014}
%  series = {Lecture Notes in Computer Science}
}

@inproceedings{pouliquen2004multilingual,
  title={Multilingual and cross-lingual news topic tracking},
  author={Pouliquen, Bruno and Steinberger, Ralf and Ignat, Camelia and K{\"a}sper, Emilia and Temnikova, Irina},
  booktitle={Proceedings of the 20th international conference on Computational Linguistics},
  pages={959},
  year={2004}
}

@inproceedings{Kleb11WIMS,
  author = {Joachim Kleb and
   Andreas Abecker},
  title  = {Disambiguating entity references within an ontological model},
  booktitle = {WIMS},
  year   = {2011},
  pages  = {22},
}

@inproceedings{KlebESWC10,
  author = {Joachim Kleb and
   Andreas Abecker},
  title  = {Entity Reference Resolution via Spreading Activation on
   RDF-Graphs},
  booktitle = {ESWC (1)},
  year   = {2010},
  pages  = {152-166},
}

@inproceedings{Kleb07I3,
  author = {Raphael Volz and
   Joachim Kleb and
   Wolfgang Mueller},
  title  = {Towards Ontology-based Disambiguation of Geographical Identifiers},
  booktitle = {I3},
  year   = {2007},
}

@proceedings{DBLP:conf/i3/2007,
  title  = {Proceedings of the WWW2007 Workshop I3
  : Identity,   Identifiers, Identification, Entity-Centric Approaches to Information and Knowledge Management on the Web, Banff,Canada, May 8, 2007},
  booktitle = {I3},
  publisher = {CEUR-WS.org},
  series = {CEUR Workshop Proceedings},
  volume = {249},
  year   = {2007},
}

@INPROCEEDINGS{Kleb11ICDIM, 
author= { Joachim Kleb and Raphael Volz }, 
booktitle={Digital Information Management, 2009. ICDIM 2009. Fourth International Conference on}, title={Ontology based entity disambiguation with natural language patterns}, 
year={2009}, 
pages={1-8}, 
}

@inproceedings{Cucerzan07,
  author = {Silviu Cucerzan},
  title  = {Large-Scale Named Entity Disambiguation Based on Wikipedia
   Data},
  booktitle = {Conference on Empirical Methods in Natural Language Processing-CoNLL},
  year   = {2007},
%  pages  = {708-716},
}

@article{babelfy,
  title={{Entity Linking meets Word Sense Disambiguation: A Unified Approach}},
  author={Moro, Andrea and Raganato, Alessandro and Navigli, Roberto},
  journal={TACL},
  year={2014},
%  volume={2},
%  pages={231--244}
}

@inproceedings{milne2008learning,
  title={Learning to link with wikipedia},
  author={Milne, David and Witten, Ian H},
  booktitle={17th ACM CIKM},
  year={2008} 
%  pages={509--518},
}

@InProceedings{rat:rot,
  author = {L. Ratinov and D. Roth and D. Downey and M. Anderson},
  title = {Local and Global Algorithms for Disambiguation to Wikipedia},
  booktitle = {ACL},
  year = {2011},
  url = "http://cogcomp.cs.illinois.edu/papers/RRDA11.pdf",
}

@incollection{epiphany,
  title={Epiphany: Adaptable rdfa generation linking the web of documents to the web of data},
  author={Adrian, Benjamin and Hees, J{\"o}rn and Herman, Ivan and Sintek, Michael and Dengel, Andreas},
  booktitle={Knowledge Engineering and Management by the Masses},
  pages={178--192},
  year={2010},
  publisher={Springer}
}

@article{nad:sek,
author = {David Nadeau and Satoshi Sekine},
title = {{A survey of named entity recognition and classification}},
journal = {Lingvisticae Investigationes},
volume = {30},
year = {2007},
pages = {3--26},
issue = {1},
doi = {10.1075/li.30.1.03nad},
masid = {14352020}
}


@TechReport{ RDFa,
	author = "B. Adida and I. Herman and M. Sporny and M. Birbeck",
	title = {{RDFa 1.1 {Primer}}},
	series = "Working Group Note",
	year = "2012",
	month = "June",
	publisher = "W3C",
	institution = "World Wide Web Consortium",
	language = "en",
	address = "http://www.w3.org/TR/2012/NOTE-rdfa-primer-20120607/"
}

@inproceedings{conll2003,
   author  = "Tjong Kim Sang, Erik F. and De Meulder, Fien",
   title   = {{Introduction to the CoNLL-2003 Shared Task: 
  Language-Independent Named Entity Recognition}},
   booktitle  = "Proceedings of CoNLL-2003",
   year = "2003"
   %pages   = "142--147",
}


@article{Blei:2012:PTM:2133806.2133826,
 author = {Blei, David M.},
 title = {Probabilistic Topic Models},
 journal = {Commun. ACM},
 issue_date = {April 2012},
 volume = {55},
 number = {4},
 month = apr,
 year = {2012},
 issn = {0001-0782},
 pages = {77--84},
 numpages = {8},
 url = {http://doi.acm.org/10.1145/2133806.2133826},
 doi = {10.1145/2133806.2133826},
 acmid = {2133826},
 publisher = {ACM},
 address = {New York, NY, USA},
}
@inproceedings{NIF,
  author = {Hellmann, Sebastian and Lehmann, Jens and Auer, S\"oren and Br\"ummer, Martin},
  booktitle = {12th International Semantic Web Conference},
  title = {{Integrating NLP using Linked Data}},
  url = {http://svn.aksw.org/papers/2013/ISWC_NIF/public.pdf},
  year = 2013
}


@article{Blei:2003:LDA:944919.944937,
 author = {Blei, David M. and Ng, Andrew Y. and Jordan, Michael I.},
 title = {Latent Dirichlet Allocation},
 journal = {J. Mach. Learn. Res.},
 issue_date = {3/1/2003},
 volume = {3},
 month = mar,
 year = {2003},
 issn = {1532-4435},
 pages = {993--1022},
 numpages = {30},
 url = {http://dl.acm.org/citation.cfm?id=944919.944937},
 acmid = {944937},
 publisher = {JMLR.org},
} 
@incollection{AGDISTIS_ISWC,
year={2014},
isbn={978-3-319-11963-2},
booktitle={The Semantic Web – ISWC 2014},
doi={10.1007/978-3-319-11964-9_29},
title={{AGDISTIS - Graph-Based Disambiguation of Named Entities Using Linked Data}},
url={http://dx.doi.org/10.1007/978-3-319-11964-9_29},
author={Usbeck, Ricardo and Ngonga Ngomo, Axel-Cyrille and Röder, Michael and Gerber, Daniel and Coelho, SandroAthaide and Auer, Sören and Both, Andreas},
language={English}
%publisher={Springer International Publishing},
%pages={457-471},
%volume={8796},
%series={Lecture Notes in Computer Science},
%editor={Mika, Peter and Tudorache, Tania and Bernstein, Abraham and Welty, Chris and Knoblock, Craig and Vrandečić, Denny and Groth, Paul and Noy, Natasha and Janowicz, Krzysztof and Goble, Carole},
}

@unpublished{McCallumMALLET,
   author = "Andrew Kachites McCallum",
   title = "MALLET: A Machine Learning for Language Toolkit",
   note = "http://mallet.cs.umass.edu",
   year = 2002
}

@article{griffiths2004finding,
  title={Finding scientific topics},
  author={Griffiths, Thomas L and Steyvers, Mark},
  journal={Proceedings of the National academy of Sciences of the United States of America},
  volume={101},
  number={Suppl 1},
  pages={5228--5235},
  year={2004},
  publisher={National Acad Sciences}
}

@article{TagMe2,
  title={{Fast and Accurate Annotation of Short Texts with Wikipedia Pages.}},
  author={Ferragina, Paolo and Scaiella, Ugo},
  journal={IEEE software},
  year={2012}
%  volume={29},
%  number={1},
}

@InProceedings{ yovisto,
	title = "Statistical Analyses of Named Entity Disambiguation Benchmarks",
	author = "Nadine Steinmetz and Magnus Knuth and Harald Sack",
	booktitle = "1st Workshop on NLP\&DBpedia 2013",
	year = "2013"
}

@inproceedings{Cornolti,
  title={A framework for benchmarking entity-annotation systems},
  author={Cornolti, Marco and Ferragina, Paolo and Ciaramita, Massimiliano},
  booktitle={22nd World Wide Web Conference},
  year={2013}
  %pages={249--260},
}

@InProceedings{Naviglietal:13,
  author    = {Navigli, Roberto  and  Jurgens, David  and  Vannella, Daniele}, 
  title     = {{SemEval-2013 Task 12: Multilingual Word Sense Disambiguation}},
  booktitle = {Proceedings of SemEval-2013},
  year      = {2013}
%  pages     = {222-231},
}

@InProceedings{NavigliLH:2007,
  author    = {Navigli, Roberto  and  Litkowski, Kenneth C.  and  Hargraves, Orin},
  title     = {{SemEval-2007 Task 07: Coarse-Grained English All-Words Task}},
  booktitle = {Proc. of SemEval-2007},
  year      = {2007}
%  pages     = {30--35},
}

@article{LinkedSDMX,
  added-at = {2014-11-07T16:47:02.000+0100},
  author = {Capadisli, Sarven and Auer, Sören and {Ngonga Ngomo}, Axel-Cyrille},
  journal = {Semantic Web Journal},
  title = {Linked {SDMX} Data},
  year = 2013
}

@inproceedings{Cano2014,
  author = {Amparo Elizabeth {Cano Basave} and Giuseppe Rizzo and Andrea Varga and Matthew Rowe and Milan Stankovic and Aba-Sah Dadzie},
  title = {Making Sense of Microposts ({\#Microposts2014}) Named Entity Extraction \& Linking Challenge},
  crossref = {proc_microposts2014@www2014},
  year = 2014,
  booktitle = {Proceedings of 4th Workshop on Making Sense of Microposts {(\#Microposts2014)}},
  %pages = {54--60},
}



@inproceedings{pradhan2007semeval,
title="{SemEval-2007 task 17: English lexical sample, SRL and all words}",
author={Pradhan, Sameer S. and Loper, Edward and Dligach, Dmitriy and Palmer, Martha},
booktitle={Proc. of SemEval-2007},
pages={87--92},
year={2007},
organization={Association for Computational Linguistics}
}

@inproceedings{HoffartSNTW:2012,
  author    = {Hoffart, Johannes and Seufert, Stephan and Nguyen, Dat Ba and Theobald, Martin and Weikum, Gerhard},
  title     = "{KORE: keyphrase overlap relatedness for entity disambiguation}",
  booktitle = {Proceedings of CIKM},
  year      = {2012}
%  pages     = {545-554},
}

@inproceedings{snyder2004english,
  title="{The English all-words task}",
  author={Snyder, Benjamin and Palmer, Martha},
  booktitle={Proc. of Senseval-3},
  pages={41--43},
  year={2004}
}

@article{peng2011reproducible,
  title={Reproducible research in computational science},
  author={Peng, Roger D},
  journal={Science (New York, Ny)},
  year={2011},
  publisher={NIH Public Access}
% volume={334},
%  number={6060},
%  pages={1226},
}

@article{jermyn1999preparing,
  title={Preparing clean views of data for data mining},
  author={Jermyn, Paul and Dixon, Maurice and Read, Brian J},
  journal={ERCIM Work. on Database Res},
  year={1999}
%  pages={1--15},
}

@misc{gil2014,
  title={Semantic Challenges in Getting Work Done},
  author={Yolanda Gil},
  note={Invited Talk at ISWC},
  year={2014}
}

@misc{datacube,
  title={{The RDF Data Cube Vocabulary}},
  author={Cyganiak, Richard and Reynolds, Dave and Tennison, Jeni},
  note={http://www.w3.org/TR/vocab-data-cube/},
  year={2014}
}

@misc{void,
  title={Describing Linked Datasets with the VoID Vocabulary},
  author={Alexander, Keith and Cyganiak, Richard and Hausenblas, Michael and Zhao, Jun},
  note={http://www.w3.org/TR/void/},
  year={2011}
}

@misc{prov-o,
  title={{PROV-O: The PROV Ontology}},
  author={Lebo, Timothy and Sahoo, Satya and McGuinness, Deborah and Belhajjame, Khalid and Cheney, James and Corsar, David and Garijo, Daniel and Soiland-Reyes, Stian and Zednik, Stephan and Zhao, Jun},
  note={http://www.w3.org/TR/prov-o/},
  year={2013}
}

@misc{dcat,
  title={{Data Catalog Vocabulary (DCAT)}},
  author={Maali, Fadi and Erickson, John and Archer, Phil},
  note={http://www.w3.org/TR/vocab-dcat/},
  year={2014}
}

@misc{odrl,
  title={{Open Digital Rights Language (ODRL) Ontology}},
  author={McRoberts, Mo and Rodríguez-Doncel, Víctor},
  note={http://www.w3.org/ns/odrl/2/},
  year={2014}
}

@inproceedings{dataID,
  acmid = {2660538},
  author = {Br{\"u}mmer, Martin and Baron, Ciro and Ermilov, Ivan and Freudenberg, Markus and Kontokostas, Dimitris and Hellmann, Sebastian},
  booktitle = {I-SEMANTICS},
  title = {{DataID}: Towards Semantically Rich Metadata for Complex Datasets},
  year={2014}
}



@inproceedings{CMNS,
  title={Adding semantics to microblog posts},
  author={Meij, Edgar and Weerkamp, Wouter and de Rijke, Maarten},
  booktitle={Proceedings of the fifth ACM international conference on Web search and data mining},
  pages={563--572},
  year={2012},
  organization={ACM}
}

@inproceedings{CSAW,
  title={Collective annotation of Wikipedia entities in web text},
  author={Kulkarni, Sayali and Singh, Amit and Ramakrishnan, Ganesh and Chakrabarti, Soumen},
  booktitle={Proceedings of the 15th ACM SIGKDD international conference on Knowledge discovery and data mining},
  pages={457--466},
  year={2009},
  organization={ACM}
}

@inproceedings{vanErp2013,
  author = {Marieke Van Erp and Giuseppe Rizzo and Rapha\"el Troncy},
  title = {Learning with the Web: Spotting Named Entities on the Intersection of {NERD} and Machine Learning},
  booktitle = {Proceedings of the Making Sense of Microposts {(\#MSM2013)} Concept Extraction Challenge},
  year = 2013
}

@inproceedings{rizzo2014,
  year =        {2014},
  title =       {{B}enchmarking the extraction and disambiguation of named entities on the semantic web},
  author =      {{R}izzo, {G}iuseppe and  van {E}rp, {M}arieke and  {T}roncy, {R}apha{\"e}l},
  booktitle =   {9th LREC}
}

@inproceedings{rizzo2012,
	Author = {Giuseppe Rizzo and Rapha\"el Troncy},
	Booktitle = {13th EACL},
	Title = {{NERD: A Framework for Unifying Named Entity Recognition and Disambiguation Extraction Tools}},
	Year = {2012}}
	
	
@inproceedings{carmel2014erd,
  title={ERD’14: Entity Recognition and Disambiguation Challenge},
  author={Carmel, David and Chang, Ming-Wei and Gabrilovich, Evgeniy and Hsu, Bo-June Paul and Wang, Kuansan},
  booktitle={37th international ACM SIGIR conference on Research \& development in information retrieval},
  year={2014},
%  pages={1292--1292},
%  organization={ACM}
}

@inproceedings{piccinno2014tagme,
  title={{From TagME to WAT: a new entity annotator}},
  author={Piccinno, Francesco and Ferragina, Paolo},
  booktitle={Proceedings of the first international workshop on Entity recognition \& disambiguation},
  year={2014}
%  pages={55--62},
%  organization={ACM}
}

@inproceedings{BabelfyAPI,
  title={Multilingual Word Sense Disambiguation and Entity Linking for Everybody},
  author={Moro, Andrea and Cecconi, Francesco and Navigli, Roberto},
  booktitle={Proceedings of the 13th Internation Conference on Semantic Web (P\&D)},
  year={2014}
}

@incollection{Steinmetz2013,
year={2013},
isbn={978-3-642-38287-1},
booktitle={The Semantic Web: Semantics and Big Data},
doi={10.1007/978-3-642-38288-8_26},
title={Semantic Multimedia Information Retrieval Based on Contextual Descriptions},
url={http://dx.doi.org/10.1007/978-3-642-38288-8_26},
keywords={context model; semantic analysis; video analysis; metadata analysis; named entity recognition},
author={Steinmetz, Nadine and Sack, Harald},
language={English}
%editor={Cimiano, Philipp and Corcho, Oscar and Presutti, Valentina and Hollink, Laura and Rudolph, Sebastian},
%publisher={Springer Berlin Heidelberg},
%pages={382-396},
%volume={7882},
%series={Lecture Notes in Computer Science},
}

@misc{dbpedia-graphmeasures,
author = {Dinesh Reddy and Magnus Knuth and Harald Sack},
title = {{DBpedia GraphMeasures}},
howpublished = {Hasso Plattner Institute, Potsdam, July 2014, \url{http://s16a.org/node/6}}
}


@inproceedings{ceccarelli2013dexter,
  title={Dexter: an open source framework for entity linking},
  author={Ceccarelli, Diego and Lucchese, Claudio and Orlando,
Salvatore and Perego, Raffaele and Trani, Salvatore},
  booktitle={Proceedings of the sixth international workshop on
Exploiting semantic annotations in information retrieval},
  year={2013}
 % pages={17--20},
 % organization={ACM}
}
@article{NavigliPonzetto:12aij,
  author = {Roberto Navigli and Simone Paolo Ponzetto},
 title =   {{B}abel{N}et: {T}he Automatic Construction, Evaluation and Application of a Wide-Coverage Multilingual Semantic Network},
 journal = {Artificial Intelligence},
 year =    {2012},
 %volume = {193},
 %pages = {217-250}
}
@book{WordNet,
	author = "Fellbaum, Christaine",
	publisher = "MIT Press",
	title = "{{WordNet}: An Electronic Lexical Database}",
	year = 1998
}


@inproceedings{Sundheim:1993:TIE:1072017.1072023,
 author = {Sundheim, Beth M.},
 title = {Tipster/MUC-5: Information Extraction System Evaluation},
 booktitle = {Proceedings of the 5th Conference on Message Understanding},
 year = {1993}
% series = {MUC5 '93},
% numpages = {18},
% url = {http://dx.doi.org/10.3115/1072017.1072023},
% doi = {10.3115/1072017.1072023},
% acmid = {1072023},
% publisher = {Association for Computational Linguistics},
% address = {Stroudsburg, PA, USA},
% pages = {27--44},
} 

@inproceedings{mcnamee2009overview,
  title={Overview of the TAC 2009 knowledge base population track},
  author={McNamee, Paul},
  year={2009}
}

@inproceedings{doddington2004automatic,
  title={The Automatic Content Extraction (ACE) Program-Tasks, Data, and Evaluation.},
  author={Doddington, George R and Mitchell, Alexis and Przybocki, Mark A and Ramshaw, Lance A and Strassel, Stephanie and Weischedel, Ralph M},
  booktitle={LREC},
  year={2004}
}

@article{kilgarri1998senseval,
  title={Senseval: An exercise in evaluating word sense disambiguation programs},
  author={Kilgarri, Adam},
  journal={Proc. of the first international conference on language resources and evaluation},
  year={1998}
%  pages={581--588},
}

@Proceedings{MSM2014,
  title = {Proceedings, 4th Workshop on Making Sense of Microposts {(\#Microposts2014)}: Big things come in small packages, Seoul, Korea, 7th April 2014},
  year = 2014,
  booktitle = {Making Sense of Microposts {(\#Microposts2014)}},
  editor = {Matthew Rowe and Milan Stankovic and Aba-Sah Dadzie}
 % month = {April},
 % url = {http://ceur-ws.org/Vol-1141},
}
