@article{lehmann2014dbpedia,
  title={DBpedia--A large-scale, multilingual knowledge base extracted from Wikipedia},
  author={Lehmann, Jens and Isele, Robert and Jakob, Max and Jentzsch, Anja and Kontokostas, Dimitris and Mendes, Pablo N and Hellmann, Sebastian and Morsey, Mohamed and van Kleef, Patrick and Auer, S{\"o}ren and others},
  journal={Semantic Web},
  year={2014},
  publisher={IOS Press}
}
@inproceedings{GER+13,
  added-at = {2014-07-07T11:45:33.000+0200},
  author = {Gerber, Daniel and {Ngonga Ngomo}, Axel-Cyrille and Hellmann, Sebastian and Soru, Tommaso and B{\"u}hmann, Lorenz and Usbeck, Ricardo},
  biburl = {http://www.bibsonomy.org/bibtex/238b071530579497bea3ee5ecfe88c282/aksw},
  booktitle = {ISWC},
  interhash = {69fedc2919a550520d40846ba21376b4},
  intrahash = {38b071530579497bea3ee5ecfe88c282},
  keywords = {buehmann gerber group_aksw hellmann ngonga nlp2rdf_publications simba soru usbeck},
  owner = {ngonga},
  timestamp = {2014-07-07T11:45:33.000+0200},
  title = {Real-time RDF extraction from unstructured data streams},
  year = 2013
}


@inproceedings{CoNLL,
     author = {Sameer Pradhan and Lance Ramshaw and Mitchell Marcus and Martha Palmer and Ralph Weischedel and Nianwen Xue},
      title = {CoNLL-2011 Shared Task: Modeling Unrestricted Coreference in OntoNotes},
  booktitle = {Proceedings of the Fifteenth Conference on Computational Natural Language Learning (CoNLL 2011)},
      month = {June},
       year = {2011},
    address = {Portland, Oregon}
}

@InProceedings{haghighi-klein:2009:EMNLP,
  author    = {Haghighi, Aria  and  Klein, Dan},
  title     = {Simple Coreference Resolution with Rich Syntactic and Semantic Features},
  booktitle = {Proceedings of the 2009 Conference on 
	Empirical Methods in Natural Language Processing},
  month     = {August},
  year      = {2009},
  address   = {Singapore},
  publisher = {Association for Computational Linguistics},
  pages     = {1152--1161},
  url       = {http://www.aclweb.org/anthology/D/D09/D09-1120}
}

@InProceedings{haghighi-klein:2010:NAACLHLT,
  author    = {Haghighi, Aria  and  Klein, Dan},
  title     = {Coreference Resolution in a Modular, Entity-Centered Model},
  booktitle = {Human Language Technologies: The 2010 Annual Conference of the North American Chapter of the Association 
	for Computational Linguistics},
  month     = {June},
  year      = {2010},
  publisher = {Association for Computational Linguistics},
  pages     = {385--393},
  url       = {http://www.aclweb.org/anthology/N10-1061}
}

@article{DBLP:journals/corr/BeheshtiVRBW13,
  author    = {Seyed-Mehdi-Reza Beheshti and
               Srikumar Venugopal and
               Seung Hwan Ryu and
               Boualem Benatallah and
               Wei Wang},
  title     = {Big Data and Cross-Document Coreference Resolution: Current
               State and Future Opportunities},
  journal   = {CoRR},
  volume    = {abs/1311.3987},
  year      = {2013},
  ee        = {http://arxiv.org/abs/1311.3987},
  bibsource = {DBLP, http://dblp.uni-trier.de}
}

@InProceedings{Rahman+Ng:11a,
  author = {Altaf Rahman and Vincent Ng},
  title = {Coreference Resolution with World Knowledge},
  booktitle = {Proceedings of the 49th Annual Meeting of the Association for Computational Linguistics: Human Language Technologies},
  pages = {814--824},
  year = 2011
}

@inproceedings{Andrews:2014fk, 
author = {Andrews, Nicholas and Eisner, Jason and Dredze, Mark}, 
title = {Robust Entity Clustering via Phylogenetic Inference}, 
booktitle = {Association for Computational Linguistics (ACL)}, 
year = {2014},
}


@Electronic{ citeulike:5297302,
	author = "NIST",
	title = "{Automatic Content Extraction 2008 Evaluation}",
	note = {http://www.itl.nist.gov/iad/mig//tests/ace/}
}


@inproceedings{N3,
  added-at = {2014-06-15T13:50:19.000+0200},
  author = {Röder, Michael and Usbeck, Ricardo and Hellmann, Sebastian and Gerber, Daniel and Both, Andreas},
  biburl = {http://www.bibsonomy.org/bibtex/28d47309dd46cada437604f86488c3b4c/aksw},
  booktitle = {The 9th edition of the Language Resources and EvaluationConference, 26-31 May, Reykjavik, Iceland},
  interhash = {bbbd847f93b91e838282a41b76d018bf},
  intrahash = {8d47309dd46cada437604f86488c3b4c},
  keywords = {agdistis gerber group_aksw hellmann n3 nlp2rdf_publications roeder usbeck},
  timestamp = {2014-06-15T13:50:19.000+0200},
  title = {N$^3$ - A Collection of Datasets for Named Entity Recognition and Disambiguation in the NLP Interchange Format},
  url = {http://svn.aksw.org/papers/2014/LREC_N3NIFNERNED/public.pdf},
  year = 2014
}

@inproceedings{DBLP:conf/cicling/NgomoS09,
  author    = {Axel-Cyrille {Ngonga Ngomo} and
               Frank Schumacher},
  title     = {BorderFlow: A Local Graph Clustering Algorithm for Natural
               Language Processing},
  booktitle = {CICLing},
  year      = {2009},
  pages     = {547-558},
  ee        = {http://dx.doi.org/10.1007/978-3-642-00382-0_44},
  bibsource = {DBLP, http://dblp.uni-trier.de}
}

@inproceedings{DBLP:conf/semweb/GerberHBSUN13,
  author    = {Daniel Gerber and
               Sebastian Hellmann and
               Lorenz B{\"u}hmann and
               Tommaso Soru and
               Ricardo Usbeck and
               Axel-Cyrille Ngonga Ngomo},
  title     = {Real-Time RDF Extraction from Unstructured Data Streams},
  booktitle = {International Semantic Web Conference (1)},
  year      = {2013},
  pages     = {135-150},
  ee        = {http://dx.doi.org/10.1007/978-3-642-41335-3_9},
  bibsource = {DBLP, http://dblp.uni-trier.de}
}



@inproceedings{mayfield2009cross,
  title={Cross-Document Coreference Resolution: A Key Technology for Learning by Reading.},
  author={Mayfield, James and Alexander, David and Dorr, Bonnie J and Eisner, Jason and Elsayed, Tamer and Finin, Tim and Fink, Clayton and Freedman, Marjorie and Garera, Nikesh and McNamee, Paul and others},
  booktitle={AAAI Spring Symposium: Learning by Reading and Learning to Read},
  pages={65--70},
  year={2009}
}
@inproceedings{Singh:2011:LCC:2002472.2002573,
 author = {Singh, Sameer and Subramanya, Amarnag and Pereira, Fernando and McCallum, Andrew},
 title = {Large-scale Cross-document Coreference Using Distributed Inference and Hierarchical Models},
 booktitle = {Proceedings of the 49th Annual Meeting of the Association for Computational Linguistics: Human Language Technologies - Volume 1},
 series = {HLT '11},
 year = {2011},
 isbn = {978-1-932432-87-9},
 location = {Portland, Oregon},
 pages = {793--803},
 numpages = {11},
 url = {http://dl.acm.org/citation.cfm?id=2002472.2002573},
 acmid = {2002573},
 publisher = {Association for Computational Linguistics},
 address = {Stroudsburg, PA, USA},
} 
@inproceedings{Lee:2012:JEE:2390948.2391006,
 author = {Lee, Heeyoung and Recasens, Marta and Chang, Angel and Surdeanu, Mihai and Jurafsky, Dan},
 title = {Joint Entity and Event Coreference Resolution Across Documents},
 booktitle = {Proceedings of the 2012 Joint Conference on Empirical Methods in Natural Language Processing and Computational Natural Language Learning},
 series = {EMNLP-CoNLL '12},
 year = {2012},
 location = {Jeju Island, Korea},
 pages = {489--500},
 numpages = {12},
 url = {http://dl.acm.org/citation.cfm?id=2390948.2391006},
 acmid = {2391006},
 publisher = {Association for Computational Linguistics},
 address = {Stroudsburg, PA, USA},
} 

@incollection{ AGDISTIS_ECAI,
  title = {{AGDISTIS - Agnostic Disambiguation of Named Entities Using Linked Open Data}},
 author = {Usbeck, Ricardo and {Ngonga Ngomo}, Axel-Cyrille and Auer, Sören and Gerber, Daniel and Both, Andreas},
  booktitle={European Conference on Artificial Intelligence (poster)},
  pages={2},
  year={2014}
}



@inproceedings{N3,
  added-at = {2014-04-29T14:51:00.000+0200},
  author = {Röder, Michael and Usbeck, Ricardo and Hellmann, Sebastian and Gerber, Daniel and Both, Andreas},
  biburl = {http://www.bibsonomy.org/bibtex/28d47309dd46cada437604f86488c3b4c/aksw},
  booktitle = {The 9th edition of the Language Resources and EvaluationConference, 26-31 May, Reykjavik, Iceland},
  interhash = {bbbd847f93b91e838282a41b76d018bf},
  intrahash = {8d47309dd46cada437604f86488c3b4c},
  keywords = {agdistis gerber group_aksw hellmann n3 nlp2rdf_publications roeder usbeck},
  timestamp = {2014-04-29T14:51:00.000+0200},
  title = {N3 - A Collection of Datasets for Named Entity Recognition and Disambiguation in the NLP Interchange Format},
  url = {http://svn.aksw.org/papers/2014/LREC_N3NIFNERNED/public.pdf},
  year = 2014
}



@inproceedings{kulkarni2009collective,
  title={Collective annotation of Wikipedia entities in web text},
  author={Kulkarni, Sayali and Singh, Amit and Ramakrishnan, Ganesh and Chakrabarti, Soumen},
  booktitle={Proceedings of the 15th ACM SIGKDD international conference on Knowledge discovery and data mining},
  pages={457--466},
  year={2009},
  organization={ACM}
}

@inproceedings{milne2008learning,
  title={Learning to link with wikipedia},
  author={Milne, David and Witten, Ian H},
  booktitle={Proceedings of the 17th ACM conference on Information and knowledge management},
  pages={509--518},
  year={2008},
  organization={ACM}
}

@inproceedings{RatinovRo09,
  author = {L. Ratinov and D. Roth},
  title = {Design Challenges and Misconceptions in Named Entity Recognition},
  booktitle = {CoNLL},
  month = {6},
  year = {2009},
  url = " http://cogcomp.cs.illinois.edu/papers/RatinovRo09.pdf",
  funding = {MIAS, SoD, Library},
  projects = {IE},
  comment = {Named entity recognition; information extraction; knowledge resources; word class models; gazetteers; non-local features; global features; inference methods; BIO vs. BIOLU; text chunk representation},
}

@inproceedings{LINDEN,
  title={Linden: linking named entities with knowledge base via semantic knowledge},
  author={Shen, Wei and Wang, Jianyong and Luo, Ping and Wang, Min},
  booktitle={Proceedings of the 21st international conference on World Wide Web},
  pages={449--458},
  year={2012},
  organization={ACM}
}
@inproceedings{Mihalcea:2007:WLD:1321440.1321475,
 author = {Mihalcea, Rada and Csomai, Andras},
 title = {Wikify!: linking documents to encyclopedic knowledge},
 booktitle = {Proceedings of the sixteenth ACM conference on Conference on information and knowledge management},
 series = {CIKM '07},
 year = {2007},
 isbn = {978-1-59593-803-9},
 location = {Lisbon, Portugal},
 pages = {233--242},
 numpages = {10},
 url = {http://doi.acm.org/10.1145/1321440.1321475},
 doi = {10.1145/1321440.1321475},
 acmid = {1321475},
 publisher = {ACM},
 address = {New York, NY, USA},
 keywords = {keyword extraction, semantic annotation, wikipedia, word sense disambiguation},
} 
@inproceedings{spotlight,
  title = {DBpedia Spotlight: Shedding Light on the Web of Documents},
  author = {Pablo N. Mendes and Max Jakob and Andres Garcia-Silva and Christian Bizer},
  year = {2011},
  booktitle = {Proceedings of the 7th International Conference on Semantic Systems (I-Semantics)},
}

@incollection{wang2007pore,
  title={Pore: Positive-only relation extraction from wikipedia text},
  author={Wang, Gang and Yu, Yong and Zhu, Haiping},
  booktitle={The Semantic Web},
  pages={580--594},
  year={2007},
  publisher={Springer}
}

@inproceedings{DBLP:bibsonomy_dbpedia_live_extraction,
   author              = {Sebastian Hellmann and 
                          Claus Stadler and 
                          Jens Lehmann and 
                          Sören Auer and 
                          Sören Auer},
   title               = {DBpedia Live Extraction},
   booktitle           = {Proc. of 8th International Conference on Ontologies, DataBases, and Applications of Semantics (ODBASE)},
   year                = {2009},
}

@article{morsey2012dbpedia,
  title={Dbpedia and the live extraction of structured data from wikipedia},
  author={Morsey, Mohamed and Lehmann, Jens and Auer, S{\"o}ren and Stadler, Claus and Hellmann, Sebastian},
  journal={Program: electronic library and information systems},
  volume={46},
  number={2},
  pages={157--181},
  year={2012},
  publisher={Emerald Group Publishing Limited}
}


@inproceedings{StanfordNER,
 author = {Finkel, Jenny Rose and Grenager, Trond and Manning, Christopher},
 title = {Incorporating non-local information into information extraction systems by Gibbs sampling},
 booktitle = {Proceedings of the 43rd Annual Meeting on Association for Computational Linguistics},
 series = {ACL '05},
 year = {2005},
 location = {Ann Arbor, Michigan},
 pages = {363--370},
 numpages = {8},
 url = {http://dx.doi.org/10.3115/1219840.1219885},
 doi = {10.3115/1219840.1219885},
 acmid = {1219885},
 publisher = {Association for Computational Linguistics},
 address = {Stroudsburg, PA, USA},
}

@article{HITS,
 author = {Kleinberg, Jon M.},
 title = {Authoritative sources in a hyperlinked environment},
 journal = {J. ACM},
 issue_date = {Sept. 1999},
 volume = {46},
 number = {5},
 month = sep,
 year = {1999},
 issn = {0004-5411},
 pages = {604--632},
 numpages = {29},
 url = {http://doi.acm.org/10.1145/324133.324140},
 doi = {10.1145/324133.324140},
 acmid = {324140},
 publisher = {ACM},
 address = {New York, NY, USA},
 keywords = {World Wide Web, graph algorithms, hypertext structure, link analysis},
}

@inproceedings{AIDA,
  author = {Hoffart, Johannes and Yosef, Mohamed Amir and Bordino, Ilaria and F{\"u}rstenau, Hagen and Pinkal, Manfred and Spaniol, Marc and Taneva, Bilyana and Thater, Stefan and Weikum, Gerhard},
  title = {{Robust Disambiguation of Named Entities in Text}},
  booktitle = {Conference on Empirical Methods in Natural Language Processing, EMNLP 2011, Edinburgh, Scotland},
  year = {2011},
  pages = {782--792}
}
@inproceedings{GER+13,
 added-at = {2013-08-12T15:24:52.000+0200},
 author = {Gerber, Daniel and {Ngonga Ngomo}, Axel-Cyrille and Hellmann, Sebastian and Soru, Tommaso and B{\"u}hmann, Lorenz and Usbeck, Ricardo},
 biburl = {http://www.bibsonomy.org/bibtex/238b071530579497bea3ee5ecfe88c282/ricardousbeck},
 booktitle = {Proceedings of ISWC},
 interhash = {69fedc2919a550520d40846ba21376b4},
 intrahash = {38b071530579497bea3ee5ecfe88c282},
 keywords = {usbeck},
 timestamp = {2013-08-12T15:24:52.000+0200},
 title = {Real-time RDF extraction from unstructured data streams},
 year = 2013
}
@inproceedings{Singh,
  title={Large-scale cross-document coreference using distributed inference and hierarchical models},
  author={Singh, Sameer and Subramanya, Amarnag and Pereira, Fernando and McCallum, Andrew},
  booktitle={Proceedings of the 49th Annual Meeting of the Association for Computational Linguistics: Human Language Technologies-Volume 1},
  pages={793--803},
  year={2011},
  organization={Association for Computational Linguistics}
}


@incollection{fox,
  title={SCMS--Semantifying Content Management Systems},
  author={{Ngonga Ngomo}, Axel-Cyrille and Heino, Norman and Lyko, Klaus and Speck, Ren{\'e} and Kaltenb{\"o}ck, Martin},
  booktitle={The Semantic Web--ISWC 2011},
  pages={189--204},
  year={2011},
  publisher={Springer}
}

@inproceedings{pouliquen2004multilingual,
  title={Multilingual and cross-lingual news topic tracking},
  author={Pouliquen, Bruno and Steinberger, Ralf and Ignat, Camelia and K{\"a}sper, Emilia and Temnikova, Irina},
  booktitle={Proceedings of the 20th international conference on Computational Linguistics},
  pages={959},
  year={2004},
  organization={Association for Computational Linguistics}
}

@inproceedings{Kleb11WIMS,
  author    = {Joachim Kleb and
               Andreas Abecker},
  title     = {Disambiguating entity references within an ontological model},
  booktitle = {WIMS},
  year      = {2011},
  pages     = {22},
  ee        = {http://doi.acm.org/10.1145/1988688.1988714},
 
}

@inproceedings{KlebESWC10,
  author    = {Joachim Kleb and
               Andreas Abecker},
  title     = {Entity Reference Resolution via Spreading Activation on
               RDF-Graphs},
  booktitle = {ESWC (1)},
  year      = {2010},
  pages     = {152-166},
  ee        = {http://dx.doi.org/10.1007/978-3-642-13486-9_11},
 
}

@inproceedings{Kleb07I3,
  author    = {Raphael Volz and
               Joachim Kleb and
               Wolfgang Mueller},
  title     = {Towards Ontology-based Disambiguation of Geographical Identifiers},
  booktitle = {I3},
  year      = {2007},
  ee        = {http://ceur-ws.org/Vol-249/submission_132.pdf},
  crossref  = {DBLP:conf/i3/2007},
  bibsource = {DBLP, http://dblp.uni-trier.de}
}

@proceedings{DBLP:conf/i3/2007,
  editor    = {Paolo Bouquet and
               Heiko Stoermer and
               Giovanni Tummarello and
               Harry Halpin},
  title     = {Proceedings of the WWW2007 Workshop I$^{\mbox{3}}$: Identity,
               Identifiers, Identification, Entity-Centric Approaches to
               Information and Knowledge Management on the Web, Banff,
               Canada, May 8, 2007},
  booktitle = {I3},
  publisher = {CEUR-WS.org},
  series    = {CEUR Workshop Proceedings},
  volume    = {249},
  year      = {2007},
  crossref  = {DBLP:conf/i3/2007},
  bibsource = {DBLP, http://dblp.uni-trier.de}
}

@INPROCEEDINGS{Kleb11ICDIM, 
author= { Joachim Kleb and Raphael Volz }, 
booktitle={Digital Information Management, 2009. ICDIM 2009. Fourth International Conference on}, title={Ontology based entity disambiguation with natural language patterns}, 
year={2009}, 
pages={1-8}, 
doi={10.1109/ICDIM.2009.5356769},}




@inproceedings{Cucerzan07,
  author    = {Silviu Cucerzan},
  title     = {Large-Scale Named Entity Disambiguation Based on Wikipedia
               Data},
  booktitle = {EMNLP-CoNLL},
  year      = {2007},
  pages     = {708-716},
  ee        = {http://www.aclweb.org/anthology/D07-1074},
 
}


@InProceedings{rat:rot,
  author    = {Ratinov, Lev  and  Roth, Dan  and  Downey, Doug  and  Anderson, Mike},
  title     = {Local and Global Algorithms for Disambiguation to Wikipedia},
  booktitle = {Proceedings of the 49th Annual Meeting of the Association for Computational Linguistics: Human Language Technologies},
  month     = {June},
  year      = {2011},
  address   = {Portland, Oregon, USA},
  publisher = {Association for Computational Linguistics},
  pages     = {1375--1384},
  url       = {http://www.aclweb.org/anthology/P11-1138}
}

@incollection{epiphany,
year={2010},
isbn={978-3-642-16437-8},
booktitle={Knowledge Engineering and Management by the Masses},
volume={6317},
series={Lecture Notes in Computer Science},
editor={Cimiano, Philipp and Pinto, H.Sofia},
doi={10.1007/978-3-642-16438-5_13},
title={Epiphany: Adaptable RDFa Generation Linking the Web of Documents to the Web of Data},
url={http://dx.doi.org/10.1007/978-3-642-16438-5_13},
publisher={Springer Berlin Heidelberg},
author={Adrian, Benjamin and Hees, Jörn and Herman, Ivan and Sintek, Michael and Dengel, Andreas},
pages={178-192}
}

@article{nad:sek,
author = {David Nadeau and Satoshi Sekine},
title = {{A survey of named entity recognition and classification}},
journal = {Lingvisticae Investigationes},
volume = {30},
year = {2007},
pages = {3--26},
issue = {1},
doi = {10.1075/li.30.1.03nad},
masid = {14352020}
}


@TechReport{ RDFa,
	author = "B. Adida and I. Herman and M. Sporny and M. Birbeck",
	title = "RDFa 1.1 {Primer}",
	series = "Working Group Note",
	year = "2012",
	month = "June",
	publisher = "W3C",
	institution = "World Wide Web Consortium",
	language = "en",
	address = "http://www.w3.org/TR/2012/NOTE-rdfa-primer-20120607/"
}

@inproceedings{conll2003,
 author = {Tjong Kim Sang, Erik F. and De Meulder, Fien},
 title = {Introduction to the CoNLL-2003 shared task: language-independent named entity recognition},
 booktitle = {Proceedings of the seventh conference on Natural language learning at HLT-NAACL 2003 - Volume 4},
 series = {CONLL '03},
 year = {2003},
 location = {Edmonton, Canada},
 pages = {142--147},
 numpages = {6},
 url = {http://dx.doi.org/10.3115/1119176.1119195},
 doi = {10.3115/1119176.1119195},
 acmid = {1119195},
 publisher = {Association for Computational Linguistics},
 address = {Stroudsburg, PA, USA},
} 


@article{Blei:2012:PTM:2133806.2133826,
 author = {Blei, David M.},
 title = {Probabilistic Topic Models},
 journal = {Commun. ACM},
 issue_date = {April 2012},
 volume = {55},
 number = {4},
 month = apr,
 year = {2012},
 issn = {0001-0782},
 pages = {77--84},
 numpages = {8},
 url = {http://doi.acm.org/10.1145/2133806.2133826},
 doi = {10.1145/2133806.2133826},
 acmid = {2133826},
 publisher = {ACM},
 address = {New York, NY, USA},
}

@article{Blei:2003:LDA:944919.944937,
 author = {Blei, David M. and Ng, Andrew Y. and Jordan, Michael I.},
 title = {Latent Dirichlet Allocation},
 journal = {J. Mach. Learn. Res.},
 issue_date = {3/1/2003},
 volume = {3},
 month = mar,
 year = {2003},
 issn = {1532-4435},
 pages = {993--1022},
 numpages = {30},
 url = {http://dl.acm.org/citation.cfm?id=944919.944937},
 acmid = {944937},
 publisher = {JMLR.org},
} 

@unpublished{McCallumMALLET,
      author = "Andrew Kachites McCallum",
      title = "MALLET: A Machine Learning for Language Toolkit",
      note = "http://mallet.cs.umass.edu",
      year = 2002
}

@article{griffiths2004finding,
  title={Finding scientific topics},
  author={Griffiths, Thomas L and Steyvers, Mark},
  journal={Proceedings of the National academy of Sciences of the United States of America},
  volume={101},
  number={Suppl 1},
  pages={5228--5235},
  year={2004},
  publisher={National Acad Sciences}
}

@article{TagMe2,
  title={Fast and Accurate Annotation of Short Texts with Wikipedia Pages.},
  author={Ferragina, Paolo and Scaiella, Ugo},
  journal={IEEE software},
  volume={29},
  number={1},
  year={2012}
}
@inproceedings{Cornolti,
  title={A framework for benchmarking entity-annotation systems},
  author={Cornolti, Marco and Ferragina, Paolo and Ciaramita, Massimiliano},
  booktitle={Proceedings of the 22nd international conference on World Wide Web},
  pages={249--260},
  year={2013},
  organization={International World Wide Web Conferences Steering Committee}
}