@InCollection{ AGDISTIS_ISWC,
	title = {{AGDISTIS - Agnostic Disambiguation of Named Entities Using Linked Open Data}},
	author = {Ricardo Usbeck and Axel-Cyrille {Ngonga Ngomo} and S{\"o}ren Auer and Daniel Gerber and Andreas Both},
	booktitle = "International Semantic Web Conference",
	year = "2014"
}

@article{schaeffer2007graph,
  title={Graph clustering},
  author={Schaeffer, Satu Elisa},
  journal={Computer Science Review},
  volume={1},
  number={1},
  pages={27--64},
  year={2007},
  publisher={Elsevier}
}

@inproceedings{DBLP:conf/ijcai/NgomoA11,
  author    = {Axel-Cyrille {Ngonga Ngomo} and
               S{\"o}ren Auer},
  title     = {{LIMES - A Time-Efficient Approach for Large-Scale Link Discovery
               on the Web of Data}},
  booktitle = {IJCAI},
  year      = {2011},
  pages     = {2312-2317},
  ee        = {http://ijcai.org/papers11/Papers/IJCAI11-385.pdf},
  crossref  = {DBLP:conf/ijcai/2011},
  bibsource = {DBLP, http://dblp.uni-trier.de}
}

@inproceedings{MEN+11,
 author = {Mendes, Pablo N. and Jakob, Max and Garc\'{\i}a-Silva, Andr{\'e}s and Bizer, Christian},
 title = {DBpedia spotlight: shedding light on the web of documents},
 booktitle = {Proceedings of the 7th International Conference on Semantic Systems},
 series = {I-Semantics '11},
 year = {2011},
 isbn = {978-1-4503-0621-8},
 location = {Graz, Austria},
 pages = {1--8},
 numpages = {8},
 url = {http://doi.acm.org/10.1145/2063518.2063519},
 doi = {10.1145/2063518.2063519},
 acmid = {2063519},
 publisher = {ACM},
 address = {New York, NY, USA},
 keywords = {DBpedia, linked data, named entity disambiguation, text annotation},
} 

@inproceedings{ELL+11,
 author = {Ell, Basil and Vrande\v{c}ic, Denny and Simperl, Elena},
 title = {Labels in the web of data},
 booktitle = {Proceedings of the 10th international conference on The semantic web - Volume Part I},
 series = {ISWC'11},
 year = {2011},
 isbn = {978-3-642-25072-9},
 location = {Bonn, Germany},
 pages = {162--176},
 numpages = {15},
 url = {http://dl.acm.org/citation.cfm?id=2063016.2063028},
 acmid = {2063028},
 publisher = {Springer-Verlag},
 address = {Berlin, Heidelberg},
 keywords = {data quality, human interfaces, labels, web of data},
} 



@inproceedings{SOHE11,
  author    = {Dezhao Song and Jeff Heflin},
  title     = {Automatically Generating Data Linkages Using a Domain-Independent
               Candidate Selection Approach},
  booktitle = {ISWC},
  year      = {2011},
  pages     = {649-664} 
}


@inproceedings{DBLP:conf/semweb/Ngomo12,
  author    = {Axel-Cyrille {Ngonga Ngomo}},
  title     = {{Link Discovery with Guaranteed Reduction Ratio in Affine
               Spaces with Minkowski Measures}},
  booktitle = {International Semantic Web Conference (1)},
  year      = {2012},
  pages     = {378-393},
  ee        = {http://dx.doi.org/10.1007/978-3-642-35176-1_24},
  crossref  = {DBLP:conf/semweb/2012-1},
  bibsource = {DBLP, http://dblp.uni-trier.de}
}

@article{DBLP:journals/cacm/DeanG08,
  author    = {Jeffrey Dean and
               Sanjay Ghemawat},
  title     = {MapReduce: simplified data processing on large clusters},
  journal   = {Commun. ACM},
  volume    = {51},
  number    = {1},
  year      = {2008},
  pages     = {107-113},
  ee        = {http://doi.acm.org/10.1145/1327452.1327492},
  bibsource = {DBLP, http://dblp.uni-trier.de}
}

@inproceedings{DBLP:conf/www/NickelTK12,
  author    = {Maximilian Nickel and
               Volker Tresp and
               Hans-Peter Kriegel},
  title     = {Factorizing YAGO: scalable machine learning for linked data},
  booktitle = {WWW},
  year      = {2012},
  pages     = {271-280},
  ee        = {http://doi.acm.org/10.1145/2187836.2187874},
  bibsource = {DBLP, http://dblp.uni-trier.de}
}

@inproceedings{DBLP:bibsonomy_NGO10b,
   author              = {Axel-Cyrille {Ngonga Ngomo}},
   title               = {Parameter-Free Clustering of Protein-Protein Interaction Graphs},
   booktitle           = {Proceedings of Symposium on Machine Learning in Systems Biology 2010},
   year                = {2010},
}



@article{DBLP:journals/pvldb/KolbTR12,
  author    = {Lars Kolb and
               Andreas Thor and
               Erhard Rahm},
  title     = {{Dedoop: Efficient Deduplication with Hadoop}},
  journal   = {PVLDB},
  volume    = {5},
  number    = {12},
  year      = {2012},
  pages     = {1878-1881},
  ee        = {http://vldb.org/pvldb/vol5/p1878_larskolb_vldb2012.pdf},
  bibsource = {DBLP, http://dblp.uni-trier.de}
}

@inproceedings{DBLP:conf/icde/KolbTR12,
  author    = {Lars Kolb and
               Andreas Thor and
               Erhard Rahm},
  title     = {{Load Balancing for MapReduce-based Entity Resolution}},
  booktitle = {ICDE},
  year      = {2012},
  pages     = {618-629},
  ee        = {http://doi.ieeecomputersociety.org/10.1109/ICDE.2012.22},
  crossref  = {DBLP:conf/icde/2012},
  bibsource = {DBLP, http://dblp.uni-trier.de}
}

@InProceedings{GOLDHAHN12.327,
  author = {Dirk Goldhahn and Thomas Eckart and Uwe Quasthoff},
  title = {Building Large Monolingual Dictionaries at the Leipzig Corpora Collection: From 100 to 200 Languages},
  booktitle = {Proceedings of the Eight International Conference on Language Resources and Evaluation (LREC'12)},
  year = {2012},
  date = {23-25},
  isbn = {978-2-9517408-7-7},
  language = {english}
 }

@inproceedings{conf/ekaw/GerberN12,
  author = {Gerber, Daniel and Ngomo, Axel-Cyrille Ngonga},
  booktitle = {EKAW},
  keywords = {dblp},
  publisher = {Springer},
  series = {Lecture Notes in Computer Science},
  timestamp = {2012-09-17T00:00:00.000+0200},
  title = {{Extracting Multilingual Natural-Language Patterns for RDF Predicates.}},
  year = 2012
}

