% This file was created with JabRef 2.8.1.
% Encoding: Cp1252

@INPROCEEDINGS{DBLP:conf/semweb/NgomoHLSK11,
  author = {Axel-Cyrille {Ngonga Ngomo} and Norman Heino and Klaus Lyko and Ren{\'e}
	Speck and Martin Kaltenb{\"o}ck},
  title = {{SCMS - Semantifying Content Management Systems}},
  booktitle = {ISWC},
  year = {2011},
  bibsource = {DBLP, http://dblp.uni-trier.de},
  crossref = {DBLP:conf/semweb/2011-2},
  ee = {http://dx.doi.org/10.1007/978-3-642-25093-4_13}
}

@INPROCEEDINGS{AUE+11,
  author = {S{\"o}ren Auer and Jens Lehmann and Axel-Cyrille Ngonga Ngomo},
  title = {Introduction to Linked Data and Its Lifecycle on the Web},
  booktitle = {Reasoning Web},
  year = {2011},
  pages = {1-75},
  date-modified = {2012-12-02 13:07:41 +0000},
  keywords = {group_aksw sys:relevantFor:infai sys:relevantFor:bis SIMBA ngonga
	auer lehmann MOLE}
}

@INPROCEEDINGS{lodifier,
  author = {Augenstein, Isabelle and Padó, Sebastian and Rudolph, Sebastian},
  title = {LODifier: Generating Linked Data from Unstructured Text.},
  booktitle = {ESWC},
  year = {2012}
}

@ARTICLE{bernerslee2001semantic,
  author = {Berners-Lee, Tim and Hendler, James and Lassila, Ora},
  title = {The Semantic Web},
  journal = {Scientific American},
  year = {2001},
  volume = {284},
  pages = {34-43},
  number = {5},
  month = may,
  added-at = {2012-04-02T16:25:07.000+0200},
  biburl = {http://www.bibsonomy.org/bibtex/2222934145a71a9d6cfbbb375d4d62c1d/eakaluk},
  interhash = {e87f09446138a81e6478625da97885b6},
  intrahash = {222934145a71a9d6cfbbb375d4d62c1d},
  lastdatemodified = {2007-04-27},
  lastname = {Berners-Lee},
  own = {notown},
  read = {notread},
  url = {http://www.sciam.com/article.cfm?articleID=00048144-10D2-1C70-84A9809EC588EF21}
}

@ARTICLE{journals/bmcbi/BroheeH06,
  author = {Brohée, Sylvain and van Helden, Jacques},
  title = {Evaluation of clustering algorithms for protein-protein interaction
	networks.},
  journal = {BMC Bioinformatics},
  year = {2006},
  added-at = {2009-11-10T00:00:00.000+0100},
  biburl = {http://www.bibsonomy.org/bibtex/24942da42c37777140734515a44fa2b51/dblp},
  date = {2009-11-10},
  description = {dblp},
  ee = {http://dx.doi.org/10.1186/1471-2105-7-488},
  interhash = {e63c31ef22409c809de9602046a8b6b4},
  intrahash = {4942da42c37777140734515a44fa2b51},
  keywords = {dblp},
  timestamp = {2009-11-10T00:00:00.000+0100},
  url = {http://dblp.uni-trier.de/db/journals/bmcbi/bmcbi7.html#BroheeH06}
}

@MISC{information_extraction,
  author = {Jim Cowie and Yorick Wilks},
  title = {Information Extraction},
  year = {1996}
}

@INPROCEEDINGS{conf/acl/DavidovR08,
  author = {Davidov, Dmitry and Rappoport, Ari},
  title = {Classification of Semantic Relationships between Nominals Using Pattern
	Clusters.},
  year = {2008},
  publisher = {ACL},
  added-at = {2010-06-04T00:00:00.000+0200},
  biburl = {http://www.bibsonomy.org/bibtex/2a7ade011620d1dbf6cf964a93c3108e0/dblp},
  ee = {http://www.aclweb.org/anthology/P08-1027},
  interhash = {cfaa4a904fbd7f08d58609b893936185},
  intrahash = {a7ade011620d1dbf6cf964a93c3108e0},
  isbn = {978-1-932432-04-6},
  keywords = {dblp},
  timestamp = {2010-06-04T00:00:00.000+0200},
  url = {http://dblp.uni-trier.de/db/conf/acl/acl2008.html#DavidovR08}
}

@INPROCEEDINGS{entity_extraction,
  author = {Exner, Peter and Nugues, Pierre},
  title = {Entity extraction: From unstructured text to DBpedia RDF triples.},
  booktitle = {Web of Linked Entities Workshop (WoLE 2012)},
  year = {2012},
  editor = {Rizzo, Guiseppe and Mendes, Pablo and Charton, Eric and Hellmann,
	Sebastian and Kalyanpur, Aditya}
}

@INPROCEEDINGS{conf/emnlp/FaderSE11,
  author = {Fader, Anthony and Soderland, Stephen and Etzioni, Oren},
  title = {Identifying Relations for Open Information Extraction.},
  booktitle = {EMNLP},
  year = {2011},
  pages = {1535-1545},
  publisher = {ACL},
  added-at = {2011-11-21T00:00:00.000+0100},
  biburl = {http://www.bibsonomy.org/bibtex/23475775438cccd80c47a914e3290e866/dblp},
  ee = {http://www.aclweb.org/anthology/D11-1142},
  interhash = {948c918abf865c6d0aa85058642f6932},
  intrahash = {3475775438cccd80c47a914e3290e866},
  isbn = {978-1-937284-11-4},
  keywords = {dblp},
  timestamp = {2011-11-21T00:00:00.000+0100},
  url = {http://dblp.uni-trier.de/db/conf/emnlp/emnlp2011.html#FaderSE11}
}

@INPROCEEDINGS{GAA+09,
  author = {Gaag, A. and Kohn, A. and Lindemann, U.},
  title = {Function-based solution retrieval and semantic search in mechanical
	engineering},
  booktitle = {IDEC '09},
  year = {2009},
  pages = {147--158}
}

@INPROCEEDINGS{Gerber2011,
  author = {Gerber, Daniel and {{Ngonga Ngomo}}, Axel-Cyrille},
  title = {Bootstrapping the Linked Data Web},
  booktitle = {1st Workshop on Web Scale Knowledge Extraction @ ISWC 2011},
  year = {2011},
  abstract = {Most knowledge sources on the Data Web were extracted from structured
	or semi-structured data. Thus, they encompass solely a small fraction
	of the information available on the document-oriented Web. In this
	paper, we present BOA, an iterative bootstrapping strategy for extracting
	RDF from unstructured data. The idea behind BOA is to use the Data
	Web as background knowledge for the extraction of natural language
	patterns that represent predicates found on the Data Web. These patterns
	are used to extract instance knowledge from natural language text.
	This knowledge is finally fed back into the Data Web, therewith closing
	the loop. We evaluate our approach on two data sets using DBpedia
	as background knowledge. Our results show that we can extract several
	thousand new facts in one iteration with very high accuracy. Moreover,
	we provide the first repository of natural language representations
	of predicates found on the Data Web.},
  added-at = {2013-01-29T13:03:18.000+0100},
  biburl = {http://www.bibsonomy.org/bibtex/28225ebcc3c8f29f053b7684d47dd66c7/aksw},
  interhash = {0918df367910dce80d220f6ac428fd59},
  intrahash = {8225ebcc3c8f29f053b7684d47dd66c7},
  keywords = {2011 SIMBA boa event_iswc event_wekex gerber group_aksw ngonga sys:relevantFor:bis
	sys:relevantFor:infai},
  owner = {gerb},
  timestamp = {2013-01-29T13:03:18.000+0100}
}

@INPROCEEDINGS{GOLDHAHN12.327,
  author = {Dirk Goldhahn and Thomas Eckart and Uwe Quasthoff},
  title = {Building Large Monolingual Dictionaries at the Leipzig Corpora Collection:
	From 100 to 200 Languages},
  booktitle = {LREC},
  year = {2012},
  date = {23-25},
  isbn = {978-2-9517408-7-7},
  language = {english}
}

@INPROCEEDINGS{HoYoBo2011,
  author = {Hoffart, Johannes and Yosef, Mohamed Amir and Bordino, Ilaria and
	Fürstenau, Hagen and Pinkal, Manfred and Spaniol, Marc and Taneva,
	Bilyana and Thater, Stefan and Wiegand, Michael and Weikum, Gerhard},
  title = {Robust disambiguation of named entities in text},
  booktitle = {Conference on Empirical Methods in Natural Language Processing :
	EMNLP 2011 (Edinburgh, United Kingdom), proceedings of the conference},
  year = {2011},
  pages = {782-792},
  address = {Stroudsburg, PA},
  month = {27-31 July},
  publisher = {ACL},
  note = {MP, 978-1-937284-11-4}
}

@ARTICLE{jiang1997semantic,
  author = {Jiang, Jay J. and Conrath, David W.},
  title = {Semantic Similarity Based on Corpus Statistics and Lexical Taxonomy},
  year = {1997},
  added-at = {2012-04-23T15:30:24.000+0200},
  biburl = {http://www.bibsonomy.org/bibtex/286f81dadf3761e035665b3fe0bd775a5/jonathan.krebs},
  interhash = {175ec03ee8c47d4b2d0a083609a78e05},
  intrahash = {86f81dadf3761e035665b3fe0bd775a5},
  keywords = {2012 literature pragmatics seminar summer tagging},
  timestamp = {2012-04-23T15:30:24.000+0200},
  url = {http://arxiv.org/pdf/cmp-lg/9709008}
}

@INPROCEEDINGS{LEH+12a,
  author = {Lehmann, Jens and Gerber, Daniel and Morsey, Mohamed and {{Ngonga
	Ngomo}}, Axel-Cyrille},
  title = {{DeFacto - Deep Fact Validation}},
  booktitle = {ISWC},
  year = {2012},
  added-at = {2013-01-29T13:03:36.000+0100},
  biburl = {http://www.bibsonomy.org/bibtex/2552db24ae1709d37c2364fb50fa9fea3/aksw},
  interhash = {98553f8ad50e8272ebe1faf2b9652e3c},
  intrahash = {552db24ae1709d37c2364fb50fa9fea3},
  keywords = {MOLE SIMBA boa defacto gerber group_aksw lehmann morsey ngonga sys:relevantFor:bis
	sys:relevantFor:infai},
  owner = {ngonga},
  timestamp = {2013-01-29T13:03:36.000+0100}
}

@INPROCEEDINGS{similarity-lin,
  author = {Lin, Dekang},
  title = {{An Information-Theoretic Definition of Similarity}},
  booktitle = {ICML},
  year = {1998},
  editor = {Shavlik, Jude W. and Shavlik, Jude W.},
  pages = {296--304},
  publisher = {Morgan Kaufmann},
  biburl = {http://www.bibsonomy.org/bibtex/2ad747cc96a28b6dba42eef454f2fbe61/dimitargn},
  citeulike-article-id = {4247158},
  citeulike-linkout-0 = {http://dblp.uni-trier.de/rec/bibtex/conf/icml/Lin98},
  interhash = {a10dea9ffd5eb0372137e838d45878e1},
  intrahash = {ad747cc96a28b6dba42eef454f2fbe61},
  isbn = {1-55860-556-8},
  keywords = {qual web-mining},
  posted-at = {2011-09-09 19:49:22},
  priority = {3},
  timestamp = {2011-09-28T23:59:32.000+0200},
  url = {http://dblp.uni-trier.de/rec/bibtex/conf/icml/Lin98}
}

@INPROCEEDINGS{MEN11,
  author = {Mendes, Pablo N. and Jakob, Max and Garcia-Silva, Andres and Bizer,
	Christian},
  title = {{DBpedia Spotlight: Shedding Light on the Web of Documents}},
  booktitle = {I-SEMANTICS},
  year = {2011},
  series = {ACM International Conference Proceeding Series},
  pages = {1-8},
  publisher = {ACM},
  added-at = {2011-11-20T00:00:00.000+0100},
  biburl = {http://www.bibsonomy.org/bibtex/27fefb94f3f2eed0c061e68b43957adb5/dblp},
  ee = {http://doi.acm.org/10.1145/2063518.2063519},
  interhash = {92df08698e5608afc6dc5b3e9be76880},
  intrahash = {7fefb94f3f2eed0c061e68b43957adb5},
  isbn = {978-1-4503-0621-8},
  keywords = {dblp},
  timestamp = {2011-11-20T00:00:00.000+0100},
  url = {http://dblp.uni-trier.de/db/conf/i-semantics/i-semantics2011.html#MendesJGB11}
}

@INPROCEEDINGS{DBLP:conf/semweb/MorseyLAN11,
  author = {Mohamed Morsey and Jens Lehmann and S{\"o}ren Auer and Axel-Cyrille
	{Ngonga Ngomo}},
  title = {DBpedia SPARQL Benchmark - Performance Assessment with Real Queries
	on Real Data},
  booktitle = {International Semantic Web Conference (1)},
  year = {2011},
  pages = {454-469},
  bibsource = {DBLP, http://dblp.uni-trier.de},
  ee = {http://dx.doi.org/10.1007/978-3-642-25073-6_29}
}

@INPROCEEDINGS{prospera,
  author = {Nakashole, Ndapandula and Theobald, Martin and Weikum, Gerhard},
  title = {Scalable knowledge harvesting with high precision and high recall},
  booktitle = {Proceedings of the fourth ACM international conference on Web search
	and data mining},
  year = {2011},
  series = {WSDM '11},
  pages = {227--236},
  address = {New York, NY, USA},
  publisher = {ACM},
  acmid = {1935869},
  doi = {10.1145/1935826.1935869},
  isbn = {978-1-4503-0493-1},
  keywords = {information extraction, knowledhe harvesting, scalability},
  location = {Hong Kong, China},
  numpages = {10},
  url = {http://doi.acm.org/10.1145/1935826.1935869}
}

@INPROCEEDINGS{Nakashole:2012:RPK:2391200.2391208,
  author = {Nakashole, Ndapandula and Weikum, Gerhard},
  title = {Real-time population of knowledge bases: opportunities and challenges},
  booktitle = {Proceedings of AKBC-WEKEX},
  year = {2012},
  acmid = {2391208},
  url = {http://dl.acm.org/citation.cfm?id=2391200.2391208}
}

@ARTICLE{DBLP:journals/jodsn/Ngomo12,
  author = {Axel-Cyrille {Ngonga Ngomo}},
  title = {On Link Discovery using a Hybrid Approach},
  journal = {J. Data Semantics},
  year = {2012},
  volume = {1},
  pages = {203-217},
  number = {4},
  bibsource = {DBLP, http://dblp.uni-trier.de},
  ee = {http://dx.doi.org/10.1007/s13740-012-0012-y}
}

@INPROCEEDINGS{DBLP:conf/cicling/NgomoS09,
  author = {Axel-Cyrille {Ngonga Ngomo} and Frank Schumacher},
  title = {BorderFlow: A Local Graph Clustering Algorithm for Natural Language
	Processing},
  booktitle = {CICLing},
  year = {2009},
  pages = {547-558},
  bibsource = {DBLP, http://dblp.uni-trier.de},
  ee = {http://dx.doi.org/10.1007/978-3-642-00382-0_44}
}

@INPROCEEDINGS{conf/aaai/PedersenPM04,
  author = {Pedersen, Ted and Patwardhan, Siddharth and Michelizzi, Jason},
  title = {WordNet: : Similarity - Measuring the Relatedness of Concepts.},
  booktitle = {AAAI},
  year = {2004},
  added-at = {2012-12-11T00:00:00.000+0100},
  biburl = {http://www.bibsonomy.org/bibtex/2d8417780f27e3e5871bd5923b791474a/dblp}
}

@ARTICLE{Ruiz-Casado:2007:ALL:1238147.1238395,
  author = {Ruiz-Casado, Maria and Alfonseca, Enrique and Castells, Pablo},
  title = {Automatising the learning of lexical patterns: An application to
	the enrichment of WordNet by extracting semantic relationships from
	Wikipedia},
  year = {2007},
  acmid = {1238395},
  address = {Amsterdam, The Netherlands, The Netherlands},
  doi = {10.1016/j.datak.2006.06.011},
  keywords = {Information extraction, Lexical patterns, Ontology and thesaurus acquisition,
	Relation extraction},
  numpages = {16},
  publisher = {Elsevier Science Publishers B. V.},
  url = {http://dx.doi.org/10.1016/j.datak.2006.06.011}
}

@ARTICLE{Sarawagi:2008:IE:1498844.1498845,
  author = {Sarawagi, Sunita},
  title = {Information Extraction},
  journal = {Found. Trends databases},
  year = {2008},
  acmid = {1498845},
  address = {Hanover, MA, USA},
  doi = {10.1561/1900000003},
  issn = {1931-7883},
  issue_date = {March 2008},
  numpages = {117},
  publisher = {Now Publishers Inc.},
  url = {http://dx.doi.org/10.1561/1900000003}
}

@INPROCEEDINGS{Stern:2012:PKB:2391200.2391207,
  author = {Stern, Rosa and Sagot, Beno\^{\i}t},
  title = {Population of a knowledge base for news metadata from unstructured
	text and web data},
  booktitle = {Proceedings of the AKBC-WEKEX},
  year = {2012}
}

@INPROCEEDINGS{conf/acl/WuP94,
  author = {Wu, Zhibiao and Palmer, Martha Stone},
  title = {Verb Semantics and Lexical Selection.},
  booktitle = {ACL},
  year = {1994},
  editor = {Pustejovsky, James},
  pages = {133-138},
  publisher = {Morgan Kaufmann Publishers / ACL},
  added-at = {2011-12-23T00:00:00.000+0100},
  biburl = {http://www.bibsonomy.org/bibtex/241c2ee5fc7dd018eaa381ca89c7d1be6/dblp},
  ee = {http://aclweb.org/anthology-new/P/P94/},
  interhash = {989d643f6769ca53ccbd1e9d2308ab0f},
  intrahash = {41c2ee5fc7dd018eaa381ca89c7d1be6},
  keywords = {dblp},
  timestamp = {2011-12-23T00:00:00.000+0100},
  url = {http://dblp.uni-trier.de/db/conf/acl/acl94.html#WuP94}
}

