@Article{approx,
  author =    "Alan Agresti and Brent A. Coull",
  title =	"Approximate is Better than ``Exact'' for Interval
		 Estimation of Binomial Proportions",
  journal =	"The American Statistician",
  volume =	"52",
  number =	"2",
  pages =	"119--126",
  year = 	"1998",
  CODEN =	"ASTAAJ",
  ISSN = 	"0003-1305",
  bibsource =	"http://www.amstat.org/publications/tas/toc_98.html",
}

@inproceedings{pattern_enrichment,
  added-at = {2013-10-06T14:41:34.000+0200},
  author = {B{\"u}hmann, Lorenz and Lehmann, Jens},
  biburl = {http://www.bibsonomy.org/bibtex/2ad5dfdf444dcfb3d6c3f488d92ff835e/aksw},
  booktitle = {12th International Semantic Web Conference, 21-25 October 2013, Sydney,  Australia},
  interhash = {34a743f3e43ef4e768353bd1941222a3},
  intrahash = {ad5dfdf444dcfb3d6c3f488d92ff835e},
  keywords = {2013 MOLE buehmann dllearner event_ISWC group_aksw group_mole lehmann lod2page sys:relevantFor:bis sys:relevantFor:infai sys:relevantFor:lod2},
  timestamp = {2013-10-06T14:41:34.000+0200},
  title = {Pattern Based Knowledge Base Enrichment},
  url = {http://svn.aksw.org/papers/2013/ISWC_Pattern_Enrichment/public.pdf},
  year = 2013
}

@incollection{agdistis,
 author = {Usbeck, Ricardo and {Ngonga Ngomo}, Axel-Cyrille and Michael, Röder and Auer, Sören and Gerber, Daniel and Both, Andreas},
 booktitle = {International Semantic Web Conference },
 title = {AGDISTIS -- Agnostic Disambiguation of Named Entities Using Linked  Open Data},
 year = 2014
}

@inproceedings{Buehmann2012,
    Author = {Lorenz B{\"u}hmann and Jens Lehmann},
	Booktitle = {Proceedings of EKAW 2012},
	Title = {Universal {OWL} Axiom Enrichment for Large Knowledge Bases},
	Url = {http://jens-lehmann.org/files/2012/ekaw_enrichment.pdf},
	Year = {2012},
	pages={57--71},	
	publisher = {Springer}
    }


@inproceedings{Hao:2011:OTF:2009916.2010020,
 author = {Hao, Qiang and Cai, Rui and Pang, Yanwei and Zhang, Lei},
 title = {From one tree to a forest: a unified solution for structured web data extraction},
 booktitle = {Proceedings of the 34th international ACM SIGIR conference on Research and development in Information Retrieval},
 series = {SIGIR '11},
 year = {2011},
 isbn = {978-1-4503-0757-4},
 location = {Beijing, China},
 pages = {775--784},
 numpages = {10},
 url = {http://doi.acm.org/10.1145/2009916.2010020},
 doi = {10.1145/2009916.2010020},
 acmid = {2010020},
 publisher = {ACM},
 address = {New York, NY, USA},
 keywords = {information extraction, site-level information, structured data, vertical knowledge},
} 

@inproceedings{creo2012minimizing,
  title={Minimizing the Costs of the Training Data for Learning Web Wrappers.},
  author={Creo, Rolando and Crescenzi, Valter and Qiu, Disheng and Merialdo, Paolo},
  booktitle={VLDS},
  pages={35--40},
  year={2012}
}

@inproceedings{Senellart:2008:AWI:1458502.1458505,
 author = {Senellart, Pierre and Mittal, Avin and Muschick, Daniel and Gilleron, R{\'e}mi and Tommasi, Marc},
 title = {Automatic wrapper induction from hidden-web sources with domain knowledge},
 booktitle = {Proceedings of the 10th ACM workshop on Web information and data management},
 series = {WIDM '08},
 year = {2008},
 isbn = {978-1-60558-260-3},
 location = {Napa Valley, California, USA},
 pages = {9--16},
 numpages = {8},
 url = {http://doi.acm.org/10.1145/1458502.1458505},
 doi = {10.1145/1458502.1458505},
 acmid = {1458505},
 publisher = {ACM},
 address = {New York, NY, USA},
 keywords = {deep web, form, hidden web, information extraction, invisible web, probing, web service, wrapper},
} 



@article{flesca2004web,
  title={Web wrapper induction: a brief survey},
  author={Flesca, Sergio and Manco, Giuseppe and Masciari, Elio and Rende, Eugenio and Tagarelli, Andrea},
  journal={AI Communications},
  volume={17},
  number={2},
  pages={57--61},
  year={2004},
  publisher={IOS Press}
}
@article{Dalvi:2011:AWL:1938545.1938547,
 author = {Dalvi, Nilesh and Kumar, Ravi and Soliman, Mohamed},
 title = {Automatic wrappers for large scale web extraction},
 journal = {Proc. VLDB Endow.},
 issue_date = {January 2011},
 volume = {4},
 number = {4},
 month = jan,
 year = {2011},
 issn = {2150-8097},
 pages = {219--230},
 numpages = {12},
 url = {http://dl.acm.org/citation.cfm?id=1938545.1938547},
 acmid = {1938547},
 publisher = {VLDB Endowment},
} 

@article{Soderland:1999:LIE:309497.309510,
 author = {Soderland, Stephen},
 title = {Learning Information Extraction Rules for Semi-Structured and Free Text},
 journal = {Mach. Learn.},
 issue_date = {Feb. 1999},
 volume = {34},
 number = {1-3},
 month = feb,
 year = {1999},
 issn = {0885-6125},
 pages = {233--272},
 numpages = {40},
 url = {http://dx.doi.org/10.1023/A:1007562322031},
 doi = {10.1023/A:1007562322031},
 acmid = {309510},
 publisher = {Kluwer Academic Publishers},
 address = {Hingham, MA, USA},
 keywords = {information extraction, natural language processing, rule learning},
} 

@article{Muslea:2001:HWI:608606.608666,
 author = {Muslea, Ion and Minton, Steven and Knoblock, Craig A.},
 title = {Hierarchical Wrapper Induction for Semistructured Information Sources},
 journal = {Autonomous Agents and Multi-Agent Systems},
 issue_date = {March-June 2001},
 volume = {4},
 number = {1-2},
 month = mar,
 year = {2001},
 issn = {1387-2532},
 pages = {93--114},
 numpages = {22},
 url = {http://dx.doi.org/10.1023/A:1010022931168},
 doi = {10.1023/A:1010022931168},
 acmid = {608666},
 publisher = {Kluwer Academic Publishers},
 address = {Hingham, MA, USA},
 keywords = {information agents, information extraction, supervised inductive learning, wrapper induction},
} 

@inproceedings{DBLP:conf/ijcai/KushmerickWD97,
  author    = {Nicholas Kushmerick and
               Daniel S. Weld and
               Robert B. Doorenbos},
  title     = {Wrapper Induction for Information Extraction},
  booktitle = {IJCAI (1)},
  year      = {1997},
  pages     = {729-737}, 
}

@inproceedings{Hogue:2005:TAU:1060745.1060762,
 author = {Hogue, Andrew and Karger, David},
 title = {Thresher: automating the unwrapping of semantic content from the World Wide Web},
 booktitle = {Proceedings of the 14th international conference on World Wide Web},
 series = {WWW '05},
 year = {2005},
 isbn = {1-59593-046-9},
 location = {Chiba, Japan},
 pages = {86--95},
 numpages = {10},
 url = {http://doi.acm.org/10.1145/1060745.1060762},
 doi = {10.1145/1060745.1060762},
 acmid = {1060762},
 publisher = {ACM},
 address = {New York, NY, USA},
 keywords = {RDF, haystack, semantic Web, tree edit distance, wrapper induction},
} 
@inproceedings{Cucerzan07,
  author    = {Silviu Cucerzan},
  title     = {Large-Scale Named Entity Disambiguation Based on Wikipedia
               Data},
  booktitle = {EMNLP-CoNLL},
  year      = {2007},
  pages     = {708-716},
  ee        = {http://www.aclweb.org/anthology/D07-1074},
 
}
@InProceedings{rat:rot,
  author    = {Ratinov, Lev  and  Roth, Dan  and  Downey, Doug  and  Anderson, Mike},
  title     = {Local and Global Algorithms for Disambiguation to Wikipedia},
  booktitle = {Proceedings of the 49th Annual Meeting of the Association for Computational Linguistics: Human Language Technologies},
  month     = {June},
  year      = {2011},
  address   = {Portland, Oregon, USA},
  publisher = {Association for Computational Linguistics},
  pages     = {1375--1384},
  url       = {http://www.aclweb.org/anthology/P11-1138}
}
@incollection{fox,
  title={SCMS--Semantifying Content Management Systems},
  author={{Ngonga Ngomo}, Axel-Cyrille and Heino, Norman and Lyko, Klaus and Speck, Ren{\'e} and Kaltenb{\"o}ck, Martin},
  booktitle={The Semantic Web--ISWC 2011},
  pages={189--204},
  year={2011},
  publisher={Springer}
}
@inproceedings{spotlight,
  title = {DBpedia Spotlight: Shedding Light on the Web of Documents},
  author = {Pablo N. Mendes and Max Jakob and Andres Garcia-Silva and Christian Bizer},
  year = {2011},
  booktitle = {Proceedings of the 7th International Conference on Semantic Systems (I-Semantics)},
  abstract = {Interlinking text documents with Linked Open Data enables the Web of Data to be used as background knowledge within document-oriented applications such as search and faceted browsing. As a step towards interconnecting the Web of Documents with the Web of Data, we developed DBpedia Spotlight, a system for automatically annotating text documents with DBpedia URIs. DBpedia Spotlight allows users to configure the annotations to their specific needs through the DBpedia Ontology and quality measures such as prominence, topical pertinence, contextual ambiguity and disambiguation confidence. We compare our approach with the state of the art in disambiguation, and evaluate our results in light of three baselines and six publicly available annotation systems, demonstrating the competitiveness of our system. DBpedia Spotlight is shared as open source and deployed as a Web Service freely available for public use.}
}
@inproceedings{conf/aaaiss/ParundekarKA10,
  added-at = {2012-02-17T00:00:00.000+0100},
  author = {Parundekar, Rahul and Knoblock, Craig A. and Ambite, José Luis},
  biburl = {http://www.bibsonomy.org/bibtex/226cc54ee0537722f0bfea98b585c655a/dblp},
  booktitle = {AAAI Spring Symposium: Linked Data Meets Artificial Intelligence},
  crossref = {conf/aaaiss/2010-7},
  ee = {http://www.aaai.org/ocs/index.php/SSS/SSS10/paper/view/1176},
  interhash = {029b306b26c8047a37fd4006456c73ba},
  intrahash = {26cc54ee0537722f0bfea98b585c655a},
  keywords = {dblp},
  publisher = {AAAI},
  timestamp = {2012-02-17T00:00:00.000+0100},
  title = {Linking the Deep Web to the Linked DataWeb.},
  url = {http://dblp.uni-trier.de/db/conf/aaaiss/aaaiss2010-7.html#ParundekarKA10},
  year = 2010
}


@inproceedings{AIDA,
  author = {Hoffart, Johannes and Yosef, Mohamed Amir and Bordino, Ilaria and F{\"u}rstenau, Hagen and Pinkal, Manfred and Spaniol, Marc and Taneva, Bilyana and Thater, Stefan and Weikum, Gerhard},
  title = {{Robust Disambiguation of Named Entities in Text}},
  booktitle = {Conference on Empirical Methods in Natural Language Processing, EMNLP 2011, Edinburgh, Scotland},
  year = {2011},
  pages = {782--792}
}

@incollection{Usbeck2014,
 author = {Usbeck, Ricardo and {Ngonga Ngomo}, Axel-Cyrille and Michael, Röder and Auer, Sören and Gerber, Daniel and Both, Andreas},
 booktitle = {International Semantic Web Conference },
 title = {AGDISTIS - Agnostic Disambiguation of Named Entities Using Linked  Open Data},
 year = 2014
}
@article{HITS,
 author = {Kleinberg, Jon M.},
 title = {Authoritative sources in a hyperlinked environment},
 journal = {J. ACM},
 issue_date = {Sept. 1999},
 volume = {46},
 number = {5},
 month = sep,
 year = {1999},
 issn = {0004-5411},
 pages = {604--632},
 numpages = {29},
 url = {http://doi.acm.org/10.1145/324133.324140},
 doi = {10.1145/324133.324140},
 acmid = {324140},
 publisher = {ACM},
 address = {New York, NY, USA},
 keywords = {World Wide Web, graph algorithms, hypertext structure, link analysis},
} 


@inproceedings{Hao2011,
 author = {Hao, Qiang and Cai, Rui and Pang, Yanwei and Zhang, Lei},
 title = {From one tree to a forest: a unified solution for structured web data extraction},
 booktitle = {Proceedings of the 34th international ACM SIGIR conference on Research and development in Information Retrieval},
 series = {SIGIR '11},
 year = {2011},
 isbn = {978-1-4503-0757-4},
 location = {Beijing, China},
 pages = {775--784},
 numpages = {10},
 url = {http://doi.acm.org/10.1145/2009916.2010020},
 doi = {10.1145/2009916.2010020},
 acmid = {2010020},
 publisher = {ACM},
 address = {New York, NY, USA},
 keywords = {information extraction, site-level information, structured data, vertical knowledge},
} 

@inproceedings{Gentile2013,
 author = {Gentile, Anna Lisa and Zhang, Ziqi and Augenstein, Isabelle and Ciravegna, Fabio},
 title = {Unsupervised wrapper induction using linked data},
 booktitle = {Proceedings of the seventh international conference on Knowledge capture},
 series = {K-CAP '13},
 year = {2013},
 isbn = {978-1-4503-2102-0},
 location = {Banff, Canada},
 pages = {41--48},
 numpages = {8},
 url = {http://doi.acm.org/10.1145/2479832.2479845},
 doi = {10.1145/2479832.2479845},
 acmid = {2479845},
 publisher = {ACM},
 address = {New York, NY, USA},
 keywords = {induction, linked data, unsupervised, wrapper},
} 

@inproceedings{GER+13,
author ={Daniel Gerber and Sebastian Hellmann and Lorenz B{\"u}hmann and Tommaso Soru and Axel-Cyrille {Ngonga Ngomo} and Ricardo Usbeck},
title = {{Real-time RDF extraction from unstructured data streams}},
 booktitle = {Proceedings of the international semantic web conference},
 series = {ISWC},
 year = {2013},
 isbn = {978-1-4503-2102-0},
 location = {Sydney, Australia}  }

@inproceedings{Crescenzi2013,
 author = {Crescenzi, Valter and Merialdo, Paolo and Qiu, Disheng},
 title = {A framework for learning web wrappers from the crowd},
 booktitle = {Proceedings of the 22nd international conference on World Wide Web},
 series = {WWW '13},
 year = {2013},
 isbn = {978-1-4503-2035-1},
 location = {Rio de Janeiro, Brazil},
 pages = {261--272},
 numpages = {12},
 url = {http://dl.acm.org/citation.cfm?id=2488388.2488412},
 acmid = {2488412},
 publisher = {International World Wide Web Conferences Steering Committee},
 address = {Republic and Canton of Geneva, Switzerland},
 keywords = {active learning, crowdsourcing, wrapper generation},
} 


@ARTICLE{bowman:reasoning,
	AUTHOR = "Mic Bowman and Saumya K. Debray and Larry L. Peterson",
	TITLE = "Reasoning About Naming Systems",
	JOURNAL = "ACM Trans. Program. Lang. Syst.",
	VOLUME = {15},
	NUMBER = {5},
	PAGES = {795-825},
	MONTH = "November",
	YEAR = {1993}	}

@inproceedings{Bizer04,
  added-at = {2008-11-06T09:23:42.000+0100},
  author = {Bizer, Christian and Seaborne, Andy},
  biburl = {http://www.bibsonomy.org/bibtex/2875e8edccde38b8167e3455e04e0d362/terraces},
  booktitle = {ISWC2004 (posters)},
  interhash = {db4950b1f27645b6866f0886d5b1071f},
  intrahash = {875e8edccde38b8167e3455e04e0d362},
  keywords = {databases querying sparql},
  month = {November},
  timestamp = {2008-11-06T09:23:42.000+0100},
  title = {D2RQ - Treating Non-RDF Databases as Virtual RDF Graphs},
  url = {http://sites.wiwiss.fu-berlin.de/suhl/bizer/pub/Bizer-D2RQ-ISWC2004-Poster.pdf},
  year = 2004
}

@inproceedings{DBLP:conf/semweb/AuerBKLCI07,
  author    = {S{\"o}ren Auer and
               Christian Bizer and
               Georgi Kobilarov and
               Jens Lehmann and
               Richard Cyganiak and
               Zachary G. Ives},
  title     = {DBpedia: A Nucleus for a Web of Open Data},
  booktitle = {ISWC/ASWC},
  year      = {2007},
  pages     = {722-735}
}

@inproceedings{DBLP:conf/aswc/UnbehauenSA12,
  author    = {J{\"o}rg Unbehauen and
               Claus Stadler and
               S{\"o}ren Auer},
  title     = {Accessing Relational Data on the Web with SparqlMap},
  booktitle = {JIST},
  year      = {2012},
  pages     = {65-80},
  ee        = {http://dx.doi.org/10.1007/978-3-642-37996-3_5}
 }

@inproceedings{DBLP:dblp_conf/www/AuerDLHA09,
   author              = {Sören Auer and 
                          Sebastian Dietzold and 
                          Jens Lehmann and 
                          Sebastian Hellmann and 
                          David Aumueller},
   title               = {Triplify: light-weight linked data publication from relational databases.},
   booktitle           = {WWW},
   year                = {2009},
   pages               = {621-630},
   ee                  = {http://doi.acm.org/10.1145/1526709.1526793},
   crossref            = {2009},
}


@inproceedings{SAL+13a,
  added-at = {2013-09-17T17:02:30.000+0200},
  author = {Saleem, Muhammad and Padmanabhuni, Shanmukha Sampath and {Ngonga Ngomo}, Axel-Cyrille and Almeida, Jonas S. and Decker, Stefan and Deus, Helena F.},
  biburl = {http://www.bibsonomy.org/bibtex/2de7af3fcaec0d14b9317ab3c1de715dc/aksw},
  booktitle = {Proceedings of I-Semantics},
  interhash = {680fa93840c8528fee880f7899d36f29},
  intrahash = {de7af3fcaec0d14b9317ab3c1de715dc},
  keywords = {geoknow group_aksw limes linkinglod ngonga saleem simba},
  owner = {ngonga},
  timestamp = {2013-09-17T17:02:30.000+0200},
  title = {Linked Cancer Genome Atlas Database},
  year = 2013
}

@ARTICLE{braams:babel,
	AUTHOR = "Johannes Braams",
	TITLE = "Babel, a Multilingual Style-Option System for Use with LaTeX's Standard Document Styles",
	JOURNAL = {TUGboat},
	VOLUME = {12},
	NUMBER = {2},
	PAGES = {291-301},
	MONTH = "June",
	YEAR = {1991}	}

@INPROCEEDINGS{clark:pct,
	AUTHOR = "Malcolm Clark",
	TITLE = "Post Congress Tristesse",
	BOOKTITLE = "TeX90 Conference Proceedings",
	PAGES = "84-89",
	ORGANIZATION = "TeX Users Group",
	MONTH = "March", 
	YEAR = {1991}	}

@ARTICLE{herlihy:methodology,
	AUTHOR = "Maurice Herlihy",
	TITLE = "A Methodology for Implementing Highly Concurrent
	Data Objects",
	JOURNAL = {ACM Trans. Program. Lang. Syst.},
	VOLUME = {15},
	NUMBER = {5},
	PAGES = {745-770},
	MONTH = "November",
	YEAR = {1993}	}

@BOOK{Lamport:LaTeX,
	AUTHOR = "Leslie Lamport",
	TITLE = "LaTeX User's Guide and Document Reference Manual",
	PUBLISHER = "Addison-Wesley Publishing Company",
	ADDRESS = "Reading, Massachusetts",
	YEAR = "1986"	}

@BOOK{salas:calculus,
	AUTHOR = "S.L. Salas and Einar Hille",
	TITLE = "Calculus: One and Several Variable",
	PUBLISHER = "John Wiley and Sons",
	ADDRESS = "New York",
	YEAR = "1978"	}


@INPROCEEDINGS{exalg,
  AUTHOR =       "Arasu, {A.} and Garcia-Molina, {H.}",
  TITLE =        "Extracting Structured Data from Web Pages",
  BOOKTITLE =    "SIGMOD",
  YEAR =         "2003",
  PAGES =        "337--348"
}


@article{DBLP:journals/ws/McDowellC08,
  author    = {Luke McDowell and
               Michael J. Cafarella},
  title     = {Ontology-driven, unsupervised instance population},
  journal   = {J. Web Sem.},
  volume    = {6},
  number    = {3},
  year      = {2008},
  pages     = {218-236},
  ee        = {http://dx.doi.org/10.1016/j.websem.2008.04.002},
  bibsource = {DBLP, http://dblp.uni-trier.de}
}

@article{DBLP:journals/aai/CrescenziM08,
  author    = {Valter Crescenzi and
               Paolo Merialdo},
  title     = {Wrapper Inference for Ambiguous Web Pages},
  journal   = {Applied Artificial Intelligence},
  volume    = {22},
  number    = {1{\&}2},
  year      = {2008},
  pages     = {21-52},
  ee        = {http://dx.doi.org/10.1080/08839510701853093},
  bibsource = {DBLP, http://dblp.uni-trier.de}
}

@inproceedings{DBLP:conf/webist/BlancoCM05,
  author    = {Lorenzo Blanco and
               Valter Crescenzi and
               Paolo Merialdo},
  title     = {Efficiently Locating Collections of Web Pages to Wrap},
  booktitle = {WEBIST},
  year      = {2005},
  pages     = {247-254},
  crossref  = {DBLP:conf/webist/2005},
  bibsource = {DBLP, http://dblp.uni-trier.de}
}

@proceedings{DBLP:conf/webist/2005,
  editor    = {Jos{\'e} Cordeiro and
               Vitor Pedrosa and
               Bruno Encarna\c{c}{\~a}o and
               Joaquim Filipe},
  title     = {WEBIST 2005, Proceedings of the First International Conference
               on Web Information Systems and Technologies, Miami, USA,
               May 26-28, 2005},
  booktitle = {WEBIST},
  publisher = {INSTICC Press},
  year      = {2005},
  isbn      = {972-8865-20-1},
  bibsource = {DBLP, http://dblp.uni-trier.de}
}

