@Misc{ linkeddata-rules,
	author = "Tim Berners-Lee",
	howpublished = "World wide web design issues",
	month = "July",
	title = "Linked Data",
	address = "http://www.w3.org/DesignIssues/LinkedData.html",
	year = 2006
}

@TechReport{ rdf-primer,
	author = "Frank Manola and Eric Miller",
	journal = "W3C Recommendation",
	pages = "1--107",
	publisher = "W3C",
	title = "{RDF} Primer",
	address = "http://www.w3.org/TR/rdf-primer/",
	volume = 10,
	year = 2004,
	added-at = "2012-04-24T14:52:31.000+0200",
	timestamp = "2012-04-24T14:52:31.000+0200"
}

@Book{ brachmannKR,
	author = "Ronald Brachman and Hector Levesque",
	title = "Knowledge Representation and Reasoning",
	year = "2004",
	isbn = "1558609326",
	publisher = "Morgan Kaufmann Publishers Inc.",
	address = "San Francisco, CA, USA"
}

@Article{ rdf-spec,
	author = "Ora Lassila and Ralph R. Swick and World Wide and Web Consortium",
	title = "Resource Description Framework (RDF) Model and Syntax Specification",
	year = "1998"
}

@TechReport{ xsd-part2,
	author = "David Peterson and Shudi (Sandy) Gao and Ashok Malhotra and C. M. Sperberg-McQueen and Henry S. Thompson and Paul V. Biron and Ashok Malhotra",
	journal = "W3C Recommendation",
	publisher = "W3C",
	title = "{W3C} {XML} Schema Definition Language ({XSD}) 1.1 Part 2: Datatypes",
	address = "http://www.w3.org/TR/xmlschema11-2/",
	year = 2012
}

@InProceedings{ namedgraphs,
	author = "Jeremy J. Carroll and Christian Bizer and Pat Hayes and Patrick Stickler",
	title = "Named graphs, provenance and trust",
	booktitle = "Proceedings of the 14th international conference on World Wide Web",
	series = "WWW '05",
	year = "2005",
	isbn = "1-59593-046-9",
	location = "Chiba, Japan",
	pages = "613--622",
	numpages = "10",
	address = "http://doi.acm.org/10.1145/1060745.1060835",
	doi = "10.1145/1060745.1060835",
	acmid = "1060835",
	publisher = "ACM",
	address = "New York, NY, USA",
	keywords = "RDF, provenance, semantic Web, trust"
}

@Misc{ uri,
	title = "RFC 3986, Uniform Resource Identifier (URI): Generic Syntax",
	author = "T. Berners-Lee and R. Fielding and L. Masinter",
	year = 2005,
	keywords = "rfc uri",
	address = "http://www.ietf.org/rfc/rfc3986.html"
}

@Misc{ uri-registration,
	title = "{RFC 4395: Guidelines and Registration Procedures for New URI Schemes}",
	author = "T. Hansen and T. Hardie and L. Masinter",
	year = "2006",
	address = "http://www.ietf.org/rfc/rfc4395.txt"
}

@Misc{ iri,
	title = "{RFC 3987: Internationalized Resource Identifiers (IRIs)}",
	series = "Request for Comments",
	author = "M. Duerst and M. Suignard",
	publisher = "IETF",
	number = 3987,
	month = "January",
	year = 2005,
	address = "http://www.ietf.org/rfc/rfc3987.txt"
}

@Misc{ ftp,
	title = "{RFC 959}: File Transfer Protocol",
	author = "J. Postel and J. K. Reynolds",
	month = October,
	year = "1985",
	address = "http://www.ietf.org/rfc/rfc959.txt"
}
@Misc{ semanticWeb,
	title = "{Semantic Web}",
	author = "W3C",
	month = August,
	year = 2013,
	address = "http://www.w3.org/standards/semanticweb/"
}

@book{swbook,
 author = {Antoniou, Grigoris and vanHarmelen, Frank},
 title = {A Semantic Web Primer},
 year = {2004},
 isbn = {0262012103},
 publisher = {MIT Press},
 address = {Cambridge, MA, USA},
}


@Misc{ urn,
	author = "Karen Sollins and Larry Masinter",
	howpublished = "Internet RFC 1737",
	keywords = "imported",
	month = "December",
	title = "Functional Requirements for Uniform Resource Names",
	year = 1994
}

@Article{ dbpedia,
	author = {Christian Bizer and Jens Lehmann and Georgi Kobilarov and S{\"o}ren Auer and Christian Becker and Richard Cyganiak and Sebastian Hellmann},
	title = "DBpedia - A crystallization point for the Web of Data",
	journal = "Web Semant.",
	volume = "7",
	number = "3",
	month = Septembre,
	year = "2009",
	issn = "1570-8268",
	pages = "154--165",
	address = "http://dx.doi.org/10.1016/j.websem.2009.07.002",
	doi = "10.1016/j.websem.2009.07.002",
	publisher = "Elsevier Science Publishers B. V.",
	address = "Amsterdam, The Netherlands, The Netherlands",
	keywords = "Knowledge extraction, Linked Data, RDF, Web of Data, Wikipedia",
	acmid = "1640848",
	issue_date = "September, 2009",
	numpages = "12"
}

@Misc{ http,
	title = "RFC 2616, Hypertext Transfer Protocol -- HTTP/1.1",
	author = "R. Fielding and J. Gettys and J. Mogul and H. Frystyk and L. Masinter and P. Leach and T. Berners-Lee",
	year = 1999,
	address = "http://www.ietf.org/rfc/rfc2616.html"
}

@TechReport{ rdfs,
	author = "Dan Brickley and Ramanathan V. Guha",
	journal = "W3C Recommendation",
	publisher = "W3C",
	title = "RDF Vocabulary Description Language 1.0: RDF Schema",
	address = "http://www.w3.org/TR/rdf-schema/",
	volume = 10,
	year = 2004
}

@TechReport{ owl,
	address = "http://www.w3.org/TR/owl-ref/",
	author = "Sean Bechhofer and Frank van Harmelen and Jim Hendler and Ian Horrocks and Deborah L. McGuinness and Peter F. Patel-Schneider and Lynn Andrea Stein",
	institution = "W3C",
	month = "February",
	title = "{OWL Web Ontology Language Reference}",
	year = 2004
}

@TechReport{ owl2,
	address = "http://www.w3.org/TR/owl2-syntax/",
	author = "Boris Motik and Peter F. Patel-Schneider and Bijan Parsia and Conrad Bock and Achille Fokoue and Peter Haase and Rinke Hoekstra and Ian Horrocks and Alan Ruttenberg and Uli Sattler and Michael Smith",
	institution = "W3C",
	month = "December",
	title = "{OWL 2 Web Ontology Language - Structural Specification and Functional-Style Syntax (Second Edition)}",
	year = 2012
}

@TechReport{ owl3,
	address = "http://www.w3.org/TR/owl-xmlsyntax/",
	author = "Masahiro Hori and J{\'e}r{\^o}me Euzenat and Peter F. Patel-Schneider",
	institution = "W3C",
	month = "June",
	title = "{OWL Web Ontology Language - XML Presentation Syntax}",
	year = 2003
}

@TechReport{ rif,
	address = "http://www.w3.org/TR/rif-core/",
	author = "Harold Boley and Gary Hallmark and Michael Kifer and Adrian Paschke and Axel Polleres and Dave Reynolds",
	institution = "W3C",
	month = "February",
	title = "{RIF Core Dialect (Second Edition)}",
	year = 2013
}

@Article{ dl-primer,
	AUTHOR = {Markus Kr{\"o}tzsch and Franti\v{s}ek Siman\v{c}{\'i}k and Ian Horrocks},
	JOURNAL = "CoRR",
	TITLE = "A Description Logic Primer",
	address = "http://arxiv.org/abs/1201.4089",
	VOLUME = "abs/1201.4089",
	YEAR = "2012"
}

@Book{ dl-handbook,
	title = "The description logic handbook: theory, implementation, and applications",
	author = "Franz Baader and Diego Calvanese and Deborah L. McGuinness and Daniele Nardi and Peter F. Patel-Schneider",
	publisher = "Cambridge University Press",
	address = "New York, NY, USA",
	year = "2003",
	isbn = "0-521-78176-0"
}

@Article{ skos,
	author = {Alistair Miles and Jos{\'e} R. P{\'e}rez-Ag{\"u}era},
	journal = "Cataloging \& Classification Quarterly",
	number = 3,
	pages = "69--83",
	publisher = "Routledge",
	title = "SKOS: Simple Knowledge Organisation for the Web",
	address = "http://dx.doi.org/10.1300/J104v43n03_04",
	volume = 43,
	year = 2007
}

@InProceedings{ wsml,
	author = "Holger Lausen and Jos de Bruijn and Axel Polleres and Dieter Fensel",
	booktitle = "W3C Workshop on Rule Languages for Interoperability",
	title = "WSML - a Language Framework for Semantic Web Services",
	year = 2005
}

@TechReport{ sparql,
	author = "Eric Prud'hommeaux and Andy Seaborne",
	editor = "{W3C Recommendation}",
	month = "January",
	title = "SPARQL Query Language for RDF",
	address = "http://www.w3.org/TR/rdf-sparql-query/",
	year = 2008
}

@TechReport{ n3,
	author = "Tim Berners-Lee and Dan Connolly",
	institution = "W3C",
	month = "January",
	series = "W3C Team Submission",
	title = "Notation3 (N3): A readable RDF syntax",
	address = "http://www.w3.org/TeamSubmission/n3/",
	year = 2008
}

@TechReport{ trix,
	author = "Jeremy J. Carroll and Patrick Stickler",
	institution = "HP Labs",
	month = "May",
	number = "HPL-2004-56",
	title = "TriX: RDF Triples in XML",
	year = 2004
}

@TechReport{ n3-1,
	author = "Tim Berners-Lee and Dan Connolly",
	institution = "W3C",
	month = "January",
	series = "W3C Team Submission",
	title = "Notation3 (N3): W3C RDF Core WG Internal Working Draft",
	address = "http://www.w3.org/TeamSubmission/n3/",
	year = 2008
}

@Misc{ ntriples,
	title = "{RDF} Test Cases",
	author = "J. Grant and D. Beckett",
	institution = "W3C",
	month = "February",
	year = 2004
}

@TechReport{ xmp,
	title = "XMP Specification",
	author = "Adobe Corp.",
	year = 2005,
	keywords = "adobe metadata nocache specification xmp",
	address = "http://partners.adobe.com/public/developer/en/xmp/sdk/XMPspecification.pdf",
	timestamp = "2010-02-09T10:45:28.000+0100"
}

@TechReport{ rdfa,
	author = "B. Adida and I. Herman and M. Sporny and M. Birbeck",
	title = "RDFa 1.1 {Primer}",
	series = "Working Group Note",
	year = "2012",
	month = "June",
	publisher = "W3C",
	institution = "World Wide Web Consortium",
	language = "en",
	address = "http://www.w3.org/TR/2012/NOTE-rdfa-primer-20120607/"
}

@TechReport{ json-ld,
	author = "Manu Sporny and Gregg Kellogg and Markus Lanthaler",
	month = "December",
	title = "JSON-LD Syntax 1.0",
	address = "http://json-ld.org/spec/latest/json-ld-syntax/",
	year = 2012,
	day = 8
}

@TechReport{ rdfxml,
	title = "{RDF/XML Syntax Specification (Revised)}",
	author = "David Beckett",
	editor = "David Beckett",
	institution = "W3C",
	month = "February",
	year = 2004,
	address = "http://www.w3.org/TR/REC-rdf-syntax/"
}

@Misc{ microformats,
	author = "Frances Berriman and Dan Cederholm and Dan Tantek \c{C}elik and Dan Rohit Khare and Dan Ryan King and Dan Kevin Marks and Dan Ben Ward",
	title = "{Microformats}",
	address = "http://microformats.org/",
	year = 2004
}

@Article{ microdata,
	author = "Jason Ronallo",
	journal = "The Code4Lib Journal",
	month = February,
	number = "16",
	title = "{HTML5 Microdata and Schema.org}",
	address = "http://journal.code4lib.org/articles/6400?utm_source=feedburner&#38;utm_medium=feed&#38;utm_campaign=Feed%3A+c4lj+%28The+Code4Lib+Journal%29&#38;utm_content=Google+Reader#author",
	year = "2012",
	note = "schema.org"
}

@Misc{ xml,
	author = "Tim Bray and Jean Paoli and C. Michael Sperberg-McQueen and Eve Maler and Fran\c{c}ois Yergeau",
	month = "November",
	title = "Extensible Markup Language (XML) 1.0 (Fifth Edition)",
	uri = "http://www.w3.org/TR/REC-xml/",
	year = 2008
}

@TechReport{ xml-primer,
	author = "David C. Fallside and Priscilla Walmsley",
	month = "October",
	title = "{XML} {S}chema Part 0: Primer Second Edition",
	year = 2004,
	address = "http://www.w3.org/TR/xmlschema-0/"
}

