@InProceedings{ Kleb07I3,
	author = "Raphael Volz and Joachim Kleb and Wolfgang Mueller",
	title = "Towards Ontology-based Disambiguation of Geographical Identifiers",
	booktitle = "I3",
	year = "2007",
	ee = "http://ceur-ws.org/Vol-249/submission_132.pdf",
	crossref = "DBLP:conf/i3/2007",
	bibsource = "DBLP, http://dblp.uni-trier.de"
}

@Proceedings{ DBLP:conf/i3/2007,
	editor = "Paolo Bouquet and Heiko Stoermer and Giovanni Tummarello and Harry Halpin",
	title = "Proceedings of the WWW2007 Workshop I$^{\mbox{3}}$: Identity, Identifiers, Identification, Entity-Centric Approaches to Information and Knowledge Management on the Web, Banff, Canada, May 8, 2007",
	booktitle = "I3",
	publisher = "CEUR-WS.org",
	series = "CEUR Workshop Proceedings",
	volume = "249",
	year = "2007",
	crossref = "DBLP:conf/i3/2007",
	bibsource = "DBLP, http://dblp.uni-trier.de"
}

@InProceedings{ RatinovRo09,
	author = "Lev Ratinov and Dan Roth",
	title = "Design Challenges and Misconceptions in Named Entity Recognition",
	booktitle = "CoNLL",
	month = "6",
	year = "2009",
	url = " http://cogcomp.cs.illinois.edu/papers/RatinovRo09.pdf",
	funding = "MIAS, SoD, Library",
	projects = "IE",
	comment = "Named entity recognition; information extraction; knowledge resources; word class models; gazetteers; non-local features; global features; inference methods; BIO vs. BIOLU; text chunk representation"
}

@InProceedings{ LINDEN,
	title = "Linden: linking named entities with knowledge base via semantic knowledge",
	author = "Wei Shen and Jianyong Wang and Ping Luo and Min Wang",
	booktitle = "Proceedings of the 21st international conference on World Wide Web",
	pages = "449--458",
	year = "2012",
	organization = "ACM"
}

@InProceedings{ Mihalcea:2007:WLD:1321440.1321475,
	author = "Rada Mihalcea and Andras Csomai",
	title = "Wikify!: linking documents to encyclopedic knowledge",
	booktitle = "Proceedings of the sixteenth ACM conference on Conference on information and knowledge management",
	series = "CIKM '07",
	year = "2007",
	isbn = "978-1-59593-803-9",
	location = "Lisbon, Portugal",
	pages = "233--242",
	numpages = "10",
	url = "http://doi.acm.org/10.1145/1321440.1321475",
	doi = "10.1145/1321440.1321475",
	acmid = "1321475",
	publisher = "ACM",
	address = "New York, NY, USA",
	keywords = "keyword extraction, semantic annotation, wikipedia, word sense disambiguation"
}

@InProceedings{ spotlight,
	title = "DBpedia Spotlight: Shedding Light on the Web of Documents",
	author = "Pablo N. Mendes and Max Jakob and Andres Garcia-Silva and Christian Bizer",
	year = "2011",
	booktitle = "Proceedings of the 7th International Conference on Semantic Systems (I-Semantics)",
}

@InCollection{ wang2007pore,
	title = "Pore: Positive-only relation extraction from wikipedia text",
	author = "Gang Wang and Yong Yu and Haiping Zhu",
	booktitle = "The Semantic Web",
	pages = "580--594",
	year = "2007",
	publisher = "Springer"
}

@InProceedings{ DBLP:bibsonomy_dbpedia_live_extraction,
	author = {Sebastian Hellmann and Claus Stadler and Jens Lehmann and S{\"o}ren Auer},
	title = "DBpedia Live Extraction",
	booktitle = "Proc. of 8th International Conference on Ontologies, DataBases, and Applications of Semantics (ODBASE)",
	year = "2009"
}

@Article{ morsey2012dbpedia,
	title = "Dbpedia and the live extraction of structured data from wikipedia",
	author = {Mohamed Morsey and Jens Lehmann and S{\"o}ren Auer and Claus Stadler and Sebastian Hellmann},
	journal = "Program: electronic library and information systems",
	volume = "46",
	number = "2",
	pages = "157--181",
	year = "2012",
	publisher = "Emerald Group Publishing Limited"
}

@InProceedings{ StanfordNER,
	author = "Jenny Rose Finkel and Trond Grenager and Christopher Manning",
	title = "Incorporating non-local information into information extraction systems by Gibbs sampling",
	booktitle = "Proceedings of the 43rd Annual Meeting on Association for Computational Linguistics",
	series = "ACL '05",
	year = "2005",
	location = "Ann Arbor, Michigan",
	pages = "363--370",
	numpages = "8",
	url = "http://dx.doi.org/10.3115/1219840.1219885",
	doi = "10.3115/1219840.1219885",
	acmid = "1219885",
	publisher = "Association for Computational Linguistics",
	address = "Stroudsburg, PA, USA"
}

@Article{ HITS,
	author = "Jon M. Kleinberg",
	title = "Authoritative sources in a hyperlinked environment",
	journal = "J. ACM",
	issue_date = "Sept. 1999",
	volume = "46",
	number = "5",
	month = sep,
	year = "1999",
	issn = "0004-5411",
	pages = "604--632",
	numpages = "29",
	url = "http://doi.acm.org/10.1145/324133.324140",
	doi = "10.1145/324133.324140",
	acmid = "324140",
	publisher = "ACM",
	address = "New York, NY, USA",
	keywords = "World Wide Web, graph algorithms, hypertext structure, link analysis"
}

@InProceedings{ AIDA,
	author = {Johannes Hoffart and Mohamed Amir Yosef and Ilaria Bordino and Hagen F{\"u}rstenau and Manfred Pinkal and Marc Spaniol and Bilyana Taneva and Stefan Thater and Gerhard Weikum},
	title = "{Robust Disambiguation of Named Entities in Text}",
	booktitle = "Conference on Empirical Methods in Natural Language Processing, EMNLP 2011, Edinburgh, Scotland",
	year = "2011",
	pages = "782--792"
}

@InProceedings{ GER+13,
	added-at = "2013-08-12T15:24:52.000+0200",
	author = {Daniel Gerber and Axel-Cyrille {Ngonga Ngomo} and Sebastian Hellmann and Tommaso Soru and Lorenz B{\"u}hmann and Ricardo Usbeck},
	biburl = "http://www.bibsonomy.org/bibtex/238b071530579497bea3ee5ecfe88c282/ricardousbeck",
	booktitle = "Proceedings of ISWC",
	interhash = "69fedc2919a550520d40846ba21376b4",
	intrahash = "38b071530579497bea3ee5ecfe88c282",
	keywords = "usbeck",
	timestamp = "2013-08-12T15:24:52.000+0200",
	title = "Real-time RDF extraction from unstructured data streams",
	year = 2013
}

@InProceedings{ Singh,
	title = "Large-scale cross-document coreference using distributed inference and hierarchical models",
	author = "Sameer Singh and Amarnag Subramanya and Fernando Pereira and Andrew McCallum",
	booktitle = "Proceedings of the 49th Annual Meeting of the Association for Computational Linguistics: Human Language Technologies-Volume 1",
	pages = "793--803",
	year = "2011",
	organization = "Association for Computational Linguistics"
}

@InCollection{ fox,
	title = "SCMS--Semantifying Content Management Systems",
	author = {Axel-Cyrille {Ngonga Ngomo} and Norman Heino and Klaus Lyko and Ren{\'e} Speck and Martin Kaltenb{\"o}ck},
	booktitle = "The Semantic Web--ISWC 2011",
	pages = "189--204",
	year = "2011",
	publisher = "Springer"
}

@InProceedings{ pouliquen2004multilingual,
	title = "Multilingual and cross-lingual news topic tracking",
	author = {Bruno Pouliquen and Ralf Steinberger and Camelia Ignat and Emilia K{\"a}sper and Irina Temnikova},
	booktitle = "Proceedings of the 20th international conference on Computational Linguistics",
	pages = "959",
	year = "2004",
	organization = "Association for Computational Linguistics"
}

@InProceedings{ Kleb11WIMS,
	author = "Joachim Kleb and Andreas Abecker",
	title = "Disambiguating entity references within an ontological model",
	booktitle = "WIMS",
	year = "2011",
	pages = "22",
	ee = "http://doi.acm.org/10.1145/1988688.1988714"
}

@InProceedings{ KlebESWC10,
	author = "Joachim Kleb and Andreas Abecker",
	title = "Entity Reference Resolution via Spreading Activation on RDF-Graphs",
	booktitle = "ESWC (1)",
	year = "2010",
	pages = "152--166",
	ee = "http://dx.doi.org/10.1007/978-3-642-13486-9_11"
}

@InProceedings{ Kleb11ICDIM,
	author = "Joachim Kleb and Raphael Volz",
	booktitle = "Digital Information Management, 2009. ICDIM 2009. Fourth International Conference on",
	title = "Ontology based entity disambiguation with natural language patterns",
	year = "2009",
	pages = "1--8",
	keywords = "natural language processing, ontologies (artificial intelligence), text analysis, customisable ranking algorithm, geographic name, geographic news reader, name disambiguation, natural language text pattern, ontology based entity disambiguation, text processing, Cities and towns, Concrete, Data visualization, Databases, Information analysis, Information retrieval, Information technology, Joining processes, Natural languages, Ontologies",
	doi = "10.1109/ICDIM.2009.5356769"
}

@InProceedings{ Cucerzan07,
	author = "Silviu Cucerzan",
	title = "Large-Scale Named Entity Disambiguation Based on Wikipedia Data",
	booktitle = "EMNLP-CoNLL",
	year = "2007",
	pages = "708--716",
	ee = "http://www.aclweb.org/anthology/D07-1074"
}

@InProceedings{ rat:rot,
	author = "Lev Ratinov and Dan Roth and Doug Downey and Mike Anderson",
	title = "Local and Global Algorithms for Disambiguation to Wikipedia",
	booktitle = "Proceedings of the 49th Annual Meeting of the Association for Computational Linguistics: Human Language Technologies",
	month = "June",
	year = "2011",
	address = "Portland, Oregon, USA",
	publisher = "Association for Computational Linguistics",
	pages = "1375--1384",
	url = "http://www.aclweb.org/anthology/P11-1138"
}

@InCollection{ epiphany,
	year = "2010",
	isbn = "978-3-642-16437-8",
	booktitle = "Knowledge Engineering and Management by the Masses",
	volume = "6317",
	series = "Lecture Notes in Computer Science",
	editor = "Philipp Cimiano and H.Sofia Pinto",
	doi = "10.1007/978-3-642-16438-5_13",
	title = "Epiphany: Adaptable RDFa Generation Linking the Web of Documents to the Web of Data",
	url = "http://dx.doi.org/10.1007/978-3-642-16438-5_13",
	publisher = "Springer Berlin Heidelberg",
	author = {Benjamin Adrian and J{\"o}rn Hees and Ivan Herman and Michael Sintek and Andreas Dengel},
	pages = "178--192"
}

@Article{ nad:sek,
	author = "David Nadeau and Satoshi Sekine",
	title = "{A survey of named entity recognition and classification}",
	journal = "Lingvisticae Investigationes",
	volume = "30",
	year = "2007",
	pages = "3--26",
	issue = "1",
	doi = "10.1075/li.30.1.03nad",
	masid = "14352020"
}

@InProceedings{ n3,
	author = {Michael R{\"o}der and Ricardo Usbeck and Daniel Gerber and Sebastian Hellmann and Andreas Both},
	title = " - A Collection of Datasets for Named Entity Recognition and Disambiguation in the NLP Interchange Format$\mbox{N}^3$",
	booktitle = "LREC",
	publisher = "European Language Resources Association (ELRA)",
	year = "2014"
}

@TechReport{ RDFa,
	author = "B. Adida and I. Herman and M. Sporny and M. Birbeck",
	title = "RDFa 1.1 {Primer}",
	series = "Working Group Note",
	year = "2012",
	month = "June",
	publisher = "W3C",
	institution = "World Wide Web Consortium",
	language = "en",
	address = "http://www.w3.org/TR/2012/NOTE-rdfa-primer-20120607/"
}

@InProceedings{ conll2003,
	author = "Erik F. {Tjong Kim Sang} and Fien {De Meulder}",
	title = "Introduction to the CoNLL-2003 shared task: language-independent named entity recognition",
	booktitle = "Proceedings of the seventh conference on Natural language learning at HLT-NAACL 2003 - Volume 4",
	series = "CONLL '03",
	year = "2003",
	location = "Edmonton, Canada",
	pages = "142--147",
	numpages = "6",
	publisher = "Association for Computational Linguistics",
	address = "Stroudsburg, PA, USA"
}


@inproceedings{cornolti,
 author = {Cornolti, Marco and Ferragina, Paolo and Ciaramita, Massimiliano},
 title = {A Framework for Benchmarking Entity-annotation Systems},
 booktitle = {Proceedings of the 22Nd International Conference on World Wide Web},
 series = {WWW '13},
 year = {2013},
 location = {Rio de Janeiro, Brazil},
 pages = {249--260},
 numpages = {12},
 publisher = {International World Wide Web Conferences Steering Committee},
 address = {Republic and Canton of Geneva, Switzerland},
} 

@misc{googleKeynote,
    title="Keynote at Google I/O 2013"

}

@inproceedings{googleKeynote,
    author  = "Amit Singhal",
    title   = "the end of search as we know it",
    publisher = "Presentation at Google I/O, San Francisco",
    year    = 2013
}
