@inproceedings{DBLP:conf/esws/Usbeck14,
  author    = {Ricardo Usbeck},
  title     = {Combining Linked Data and Statistical Information Retrieval
               - Next Generation Information Systems},
  booktitle = {ESWC},
  year      = {2014},
  pages     = {845-854},
  ee        = {http://dx.doi.org/10.1007/978-3-319-07443-6_58},
  crossref  = {DBLP:conf/esws/2014},
  bibsource = {DBLP, http://dblp.uni-trier.de}
}
@proceedings{DBLP:conf/esws/2014,
  editor    = {Valentina Presutti and
               Claudia d'Amato and
               Fabien Gandon and
               Mathieu d'Aquin and
               Steffen Staab and
               Anna Tordai},
  title     = {The Semantic Web: Trends and Challenges - 11th International
               Conference, ESWC 2014, Anissaras, Crete, Greece, May 25-29,
               2014. Proceedings},
  booktitle = {ESWC},
  publisher = {Springer},
  series    = {Lecture Notes in Computer Science},
  volume    = {8465},
  year      = {2014},
  isbn      = {978-3-319-07442-9},
  ee        = {http://dx.doi.org/10.1007/978-3-319-07443-6},
  bibsource = {DBLP, http://dblp.uni-trier.de}
}

@misc{rdf,
  title={Resource description framework ({RDF}) model and syntax specification},
  author={Lassila, Ora and Swick, Ralph R},
  year={1999},
}

@incollection{lemon,
  title={Linking lexical resources and ontologies on the semantic web with lemon},
  author={McCrae, John and Spohr, Dennis and Cimiano, Philipp},
  booktitle={The Semantic Web: Research and Applications},
  pages={245--259},
  year={2011},
  publisher={Springer}
}


@incollection{owl,
  title={OWL: Web ontology language},
  author={Bechhofer, Sean},
  booktitle={Encyclopedia of Database Systems},
  pages={2008--2009},
  year={2009},
  publisher={Springer}
}

@article{sparql,
  title={{SPARQL} query language for {RDF}},
  author={Prudâ€™Hommeaux, Eric and Seaborne, Andy and others},
  journal={W3C recommendation},
  volume={15},
  year={2008}
}

@inproceedings{tran,
  title={Top-k exploration of query candidates for efficient keyword search on graph-shaped ({RDF}) data},
  author={Tran, Thanh and Wang, Haofen and Rudolph, Sebastian and Cimiano, Philipp},
  booktitle={Data Engineering, 2009. ICDE'09. IEEE 25th International Conference on},
  pages={405--416},
  year={2009},
  organization={IEEE}
}




@article{dbpedia,
  title={{DBpedia-A crystallization point for the Web of Data}},
  author={Bizer, Christian and Lehmann, Jens and Kobilarov, Georgi and Auer, S{\"o}ren and Becker, Christian and Cyganiak, Richard and Hellmann, Sebastian},
  journal={Web Semantics: Science, Services and Agents on the World Wide Web},
  volume={7},
  number={3},
  pages={154--165},
  year={2009},
  publisher={Elsevier}
}

@inproceedings{dbpedia-lemon,
  author    = {Christina Unger and
               John McCrae and
               Sebastian Walter and
               Sara Winter and
               Philipp Cimiano},
  title     = {{A lemon lexicon for DBpedia}},
  booktitle = {NLP-DBPEDIA@ISWC},
  year      = {2013},
  ee        = {http://ceur-ws.org/Vol-1064/Unger_lemon.pdf}
}

@incollection{qald3,
  title={{Multilingual Question Answering over Linked Data (QALD-3): Lab Overview}},
  author={Cimiano, Philipp and Lopez, Vanessa and Unger, Christina and Cabrio, Elena and Ngomo, Axel-Cyrille Ngonga and Walter, Sebastian},
  booktitle={Information Access Evaluation. Multilinguality, Multimodality, and Visualization},
  pages={321--332},
  year={2013},
  publisher={Springer}
}

@incollection{blanco,
  title={Effective and efficient entity search in {RDF} data},
  author={Blanco, Roi and Mika, Peter and Vigna, Sebastiano},
  booktitle={The Semantic Web--ISWC 2011},
  pages={83--97},
  year={2011},
  publisher={Springer}
}

@article{collins,
  title={{A spreading-activation theory of semantic processing.}},
  author={Collins, Allan M and Loftus, Elizabeth F},
  journal={Psychological review},
  volume={82},
  number={6},
  pages={407},
  year={1975},
  publisher={American Psychological Association}
}

@incollection{treo,
  title={{Querying linked data using semantic relatedness: a vocabulary independent approach}},
  author={Freitas, Andr{\'e} and Oliveira, Jo{\~a}o Gabriel and O'Riain, Se{\'a}n and Curry, Edward and Da Silva, Jo{\~a}o Carlos Pereira},
  booktitle={Natural Language Processing and Information Systems},
  pages={40--51},
  year={2011},
  publisher={Springer}
}

@inproceedings{walter,
  author    = {Sebastian Walter and
               Christina Unger and
               Philipp Cimiano},
  title     = {{A Corpus-Based Approach for the Induction of Ontology Lexica}},
  booktitle = {NLDB},
  year      = {2013},
  pages     = {102-113},
  ee        = {http://dx.doi.org/10.1007/978-3-642-38824-8_9}
}

@article{quillian,
	title={{Semantic Memory}},
	author	= {M Quillian},
	year	= {1968},
	booktitle	= {Semantic Information Processing},
	journal = {Semantic Information Processing},
	pages	= {227-270},
	publisher	= {MIT Press}
	}

@inproceedings{tbsl,
  title={Template-based question answering over {RDF} data},
  author={Unger, Christina and B{\"u}hmann, Lorenz and Lehmann, Jens and Ngonga Ngomo, Axel-Cyrille and Gerber, Daniel and Cimiano, Philipp},
  booktitle={Proceedings of the 21st international conference on World Wide Web},
  pages={639--648},
  year={2012},
  organization={ACM}
}

@inproceedings{spotlight,
  title={DBpedia spotlight: shedding light on the web of documents},
  author={Mendes, Pablo N and Jakob, Max and Garc{\'\i}a-Silva, Andr{\'e}s and Bizer, Christian},
  booktitle={Proceedings of the 7th International Conference on Semantic Systems},
  pages={1--8},
  year={2011},
  organization={ACM}
}

@inproceedings{boa,
  title={Bootstrapping the linked data web},
  author={Gerber, Daniel and Ngomo, A-C Ngonga},
  booktitle={1st Workshop on Web Scale Knowledge Extraction ISWC},
  year={2011}
}

@inproceedings{patty,
  title={{PATTY: a taxonomy of relational patterns with semantic types}},
  author={Nakashole, Ndapandula and Weikum, Gerhard and Suchanek, Fabian},
  booktitle={Proceedings of the 2012 Joint Conference on Empirical Methods in Natural Language Processing and Computational Natural Language Learning},
  pages={1135--1145},
  year={2012},
  organization={Association for Computational Linguistics}
}

@inproceedings{sina,
  title={Question answering on interlinked data},
  author={Shekarpour, Saeedeh and Ngonga Ngomo, Axel-Cyrille and Auer, S{\"o}ren},
  booktitle={Proceedings of the 22nd international conference on World Wide Web},
  pages={1145--1156},
  year={2013},
  organization={International World Wide Web Conferences Steering Committee}
}

@incollection{poweraqua,
  title={Poweraqua: Fishing the semantic web},
  author={Lopez, Vanessa and Motta, Enrico and Uren, Victoria},
  booktitle={The Semantic Web: research and applications},
  pages={393--410},
  year={2006},
  publisher={Springer}
}

@incollection{aqualog,
  title={Aqualog: An ontology-portable question answering system for the semantic web},
  author={Lopez, Vanessa and Pasin, Michele and Motta, Enrico},
  booktitle={The Semantic Web: Research and Applications},
  pages={546--562},
  year={2005},
  publisher={Springer}
}

@incollection{pythia,
  title={Pythia: Compositional meaning construction for ontology-based question answering on the Semantic Web},
  author={Unger, Christina and Cimiano, Philipp},
  booktitle={Natural Language Processing and Information Systems},
  pages={153--160},
  year={2011},
  publisher={Springer}
}

@inproceedings{boa,
  title={Bootstrapping the linked data web},
  author={Gerber, Daniel and Ngomo, A-C Ngonga},
  booktitle={1st Workshop on Web Scale Knowledge Extraction@ ISWC},
  volume={2011},
  year={2011}
}

@article{casia,
  title={{CASIA@ QALD-3}: A Question Answering System over Linked Data},
  author={He, Shizhu and Liu, Shulin and Chen, Yubo and Zhou, Guangyou and Liu, Kang and Zhao, Jun}
}

@InCollection{ AGDISTIS,
	title = {{AGDISTIS - Agnostic Disambiguation of Named Entities Using Linked Open Data}},
	author = {Ricardo Usbeck and Axel-Cyrille {Ngonga Ngomo} and S{\"o}ren Auer and Daniel Gerber and Andreas Both},
	booktitle = "International Semantic Web Conference",
	year = "2014"
}


@incollection{fedsearch,
  title={{FedSearch}: Efficiently Combining Structured Queries and Full-Text Search in a {SPARQL} Federation},
  author={Nikolov, Andriy and Schwarte, Andreas and H{\"u}tter, Christian},
  booktitle={The Semantic Web--ISWC 2013},
  pages={427--443},
  year={2013},
  publisher={Springer}
}


@book{richardson2008restful,
  title={{RESTful} web services},
  author={Richardson, Leonard and Ruby, Sam},
  year={2008},
  publisher={" O'Reilly Media, Inc."}
}

@book{UDDI,
 editor = {Walsh, Aaron E.},
 title = {Uddi, Soap, and Wsdl: The Web Services Specification Reference Book},
 year = {2002},
 isbn = {0130857262},
 publisher = {Prentice Hall Professional Technical Reference},
} 

@inproceedings{ZZZ,
  title={{SLA}-Aware Load Balancing in a Web-Based Cloud System over OpenStack},
  author={Vilaplana, Jordi and Solsona, Francesc and Mateo, Jordi and Teixido, Ivan},
  booktitle={Service-Oriented Computing--ICSOC 2013 Workshops},
  pages={281--293},
  year={2014},
  organization={Springer}
}

@article{YYY,
  title={Effective Scheduling Algorithm and Scheduler Implementation for use with Time-Triggered Co-operative Architecture},
  author={Kuankid, S and Aurasopon, A and Sa-Ngiamvibool, W},
  journal={Elektronika ir Elektrotechnika},
  volume={20},
  number={6},
  pages={122--127},
  year={2014}
}

@article{XXX,
  title={Implementation and performance evaluation of a scheduling algorithm for divisible load parallel applications in a cloud computing environment},
  author={Ismail, Leila and Khan, Latifur},
  journal={Software: Practice and Experience},
  year={2014},
  publisher={Wiley Online Library}
}