@incollection{erling2009rdf,
  title={{RDF} Support in the {V}irtuoso {DBMS}},
  author={Erling, Orri and Mikhailov, Ivan},
  booktitle={Networked Knowledge-Networked Media},
  pages={7--24},
  year={2009},
  publisher={Springer}
}


@book{obe2011postgis,
  title={{PostGIS} in action},
  author={Obe, Regina and Hsu, Leo},
  year={2011},
  publisher={Manning Publications Co.}
}

@book{kuc2013elasticsearch,
  title={Elasticsearch Server},
  author={Kuc, Rafal and Rogozinski, Marek},
  year={2013},
  publisher={Packt Publishing Ltd}
}

@misc{hatcher2004lucene,
  title={Lucene in action},
  author={Hatcher, Erik and Gospodnetic, Otis and McCandless, Michael},
  year={2004},
  publisher={Manning Publications Greenwich, CT}
}

@book{momjian2001postgresql,
  title={{PostgreSQL}: introduction and concepts},
  author={Momjian, Bruce},
  volume={192},
  year={2001},
  publisher={Addison-Wesley New York}
}

@article{aqualog,
 author = {Lopez, Vanessa and Uren, Victoria and Motta, Enrico and Pasin, Michele},
 title = {AquaLog: An Ontology-driven Question Answering System for Organizational Semantic Intranets},
 journal = {Web Semant.},
 issue_date = {June, 2007},
 volume = {5},
 number = {2},
 month = jun,
 year = {2007},
 issn = {1570-8268},
 pages = {72--105},
 numpages = {34},
 url = {http://dx.doi.org/10.1016/j.websem.2007.03.003},
 doi = {10.1016/j.websem.2007.03.003},
 acmid = {1265747},
 publisher = {Elsevier Science Publishers B. V.},
 address = {Amsterdam, The Netherlands, The Netherlands},
 keywords = {Natural language, Ontologies, Question answering, Semantic web},
} 

@inproceedings{tbsl,
 author = {Unger, Christina and B\"{u}hmann, Lorenz and Lehmann, Jens and Ngonga Ngomo, Axel-Cyrille and Gerber, Daniel and Cimiano, Philipp},
 title = {Template-based Question Answering over {RDF} Data},
 booktitle = {Proceedings of the 21st International Conference on World Wide Web},
 series = {WWW '12},
 year = {2012},
 isbn = {978-1-4503-1229-5},
 location = {Lyon, France},
 pages = {639--648},
 numpages = {10},
 url = {http://doi.acm.org/10.1145/2187836.2187923},
 doi = {10.1145/2187836.2187923},
 acmid = {2187923},
 publisher = {ACM},
 address = {New York, NY, USA},
 keywords = {SPARQL, natural language patterns, question answering, semantic web},
} 

@inproceedings{similarity,
 author = {De Virgilio, Roberto and Maccioni, Antonio and Torlone, Riccardo},
 title = {A Similarity Measure for Approximate Querying over {RDF} Data},
 booktitle = {Proceedings of the Joint EDBT/ICDT 2013 Workshops},
 series = {EDBT '13},
 year = {2013},
 isbn = {978-1-4503-1599-9},
 location = {Genoa, Italy},
 pages = {205--213},
 numpages = {9},
 url = {http://doi.acm.org/10.1145/2457317.2457352},
 doi = {10.1145/2457317.2457352},
 acmid = {2457352},
 publisher = {ACM},
 address = {New York, NY, USA},
 keywords = {RDF, graph matching, monotonicity, top-k},
} 

@book{DBLP:books/aw/Knuth81,
  author    = {Donald E. Knuth},
  title     = {The Art of Computer Programming, Volume II: Seminumerical
               Algorithms, 2nd Edition},
  publisher = {Addison-Wesley},
  year      = {1981},
  isbn      = {0-201-03822-6},
  bibsource = {DBLP, http://dblp.uni-trier.de}
}



@misc{ Gartner96,
    author={{Gartner Inc.}},
    title ={Research Note {SPA-401-068}, 12 {A}pril 1996, "'Service Oriented' Architectures, Part 1" und {SSA} Research Note {SPA-401-069}, "'Service Oriented' Architectures, Part 2"},
    year  ={1996}
}

@misc{ OASIS06,
   author={{Organization for the Advancement of Structured Information Standards}},
   title={Reference Model for Service Oriented Architecture 1.0,Committee Specification 1},
   year = {2006}
}


@book{bell2009soa,
  title={{SOA} modeling patterns for service oriented discovery and analysis},
  author={Bell, Michael},
  year={2009},
  publisher={John Wiley \& Sons},
  isbn = {978-0-470-48197-4}
}

@book{erl2008soa,
  title={{SOA}: principles of service design},
  author={Erl, Thomas},
  volume={1},
  year={2008},
  publisher={Prentice Hall Upper Saddle River}
}

@article{yu2011linked,
  title={A linked data-driven \& service-oriented architecture for sharing educational resources},
  author={Yu, Hong Qing and Dietze, Stefan and Li, Ning and Pedrinaci, Carlos and Taibi, Davide and Dovrolls, Nikolas and Stefanut, Teodor and Kaldoudi, Eleni and Domingue, John},
  year={2011}
}


@inproceedings{carpineto10metasearchclustering,
 author = {Carpineto, Claudio and Romano, Giovanni},
 title = {Optimal Meta Search Results Clustering},
 booktitle = {Proceedings of the 33rd International ACM SIGIR Conference on Research and Development in Information Retrieval},
 series = {SIGIR '10},
 year = {2010},
 isbn = {978-1-4503-0153-4},
 location = {Geneva, Switzerland},
 pages = {170--177},
 numpages = {8},
 url = {http://doi.acm.org/10.1145/1835449.1835480},
 doi = {10.1145/1835449.1835480},
 acmid = {1835480},
 publisher = {ACM},
 address = {New York, NY, USA},
 keywords = {meta clustering, optimization, search results clustering},
} 


@article{liebel2004harvester,
  title={‘Harvester’: a fast meta search engine of human protein resources},
  author={Liebel, Urban and Kindler, Bjoern and Pepperkok, Rainer},
  journal={Bioinformatics},
  volume={20},
  number={12},
  pages={1962--1963},
  year={2004},
  publisher={Oxford Univ Press}
}

@inproceedings{gulli2005building,
  title={Building an open source meta-search engine},
  author={Gulli, Antonio and Signorini, Alessio},
  booktitle={Special interest tracks and posters of the 14th international conference on {World Wide Web}},
  pages={1004--1005},
  year={2005},
  organization={ACM}
}