@incollection{ AGDISTIS_ECAI,
  title = {AGDISTIS - Agnostic Disambiguation of Named Entities Using Linked Open Data},
 author = {Usbeck, Ricardo and {Ngonga Ngomo}, Axel-Cyrille and Auer, Sören and Gerber, Daniel and Both, Andreas},
  booktitle={European Conference on Artificial Intelligence (poster)},
  pages={2},
  year={2014}
}



@inproceedings{N3,
  author = {Röder, Michael and Usbeck, Ricardo and Hellmann, Sebastian and Gerber, Daniel and Both, Andreas},
  booktitle = {9th LREC},
  keywords = {agdistis gerber group_aksw hellmann n3 nlp2rdf_publications roeder usbeck},
  timestamp = {2014-04-29T14:51:00.000+0200},
  title = {N3 - A Collection of Datasets for Named Entity Recognition and Disambiguation in the NLP Interchange Format},
  year = 2014
}



@inproceedings{kulkarni2009collective,
  title={Collective annotation of Wikipedia entities in web text},
  author={Kulkarni, Sayali and Singh, Amit and Ramakrishnan, Ganesh and Chakrabarti, Soumen},
  booktitle={15th ACM SIGKDD },
  pages={457--466},
  year={2009} 
}


@inproceedings{RatinovRo09,
  author = {L. Ratinov and D. Roth},
  title = {Design Challenges and Misconceptions in Named Entity Recognition},
  booktitle = {CoNLL},
  month = {6},
  year = {2009},
  url = " http://cogcomp.cs.illinois.edu/papers/RatinovRo09.pdf",
  funding = {MIAS, SoD, Library},
  projects = {IE},
  comment = {Named entity recognition; information extraction; knowledge resources; word class models; gazetteers; non-local features; global features; inference methods; BIO vs. BIOLU; text chunk representation},
}

@ARTICLE{dbpedia-swj,
  author = {Jens Lehmann and Robert Isele and Max Jakob and Anja Jentzsch and Dimitris Kontokostas and Pablo N. Mendes and Sebastian Hellmann and Mohamed Morsey and Patrick van Kleef and S{\"o}ren Auer and Christian Bizer},
  title = {{DBpedia} - A Large-scale, Multilingual Knowledge Base Extracted from Wikipedia},
  journal = {SWJ},
  year = {2014},
}


@inproceedings{LINDEN,
  title={Linden: linking named entities with knowledge base via semantic knowledge},
  author={Shen, Wei and Wang, Jianyong and Luo, Ping and Wang, Min},
  booktitle={21st WWW},
  pages={449--458},
  year={2012} 
}
@inproceedings{Mihalcea:2007:WLD:1321440.1321475,
 author = {Mihalcea, Rada and Csomai, Andras},
 title = {Wikify!: linking documents to encyclopedic knowledge},
 booktitle = {16th ACM Conference on information and knowledge management},
 series = {CIKM '07},
 year = {2007},
 isbn = {978-1-59593-803-9},
 location = {Lisbon, Portugal},
 pages = {233--242},
 numpages = {10},
 url = {http://doi.acm.org/10.1145/1321440.1321475},
 doi = {10.1145/1321440.1321475},
 acmid = {1321475},
 publisher = {ACM},
 address = {New York, NY, USA},
 keywords = {keyword extraction, semantic annotation, wikipedia, word sense disambiguation},
} 
@inproceedings{spotlight,
  title = {DBpedia Spotlight: Shedding Light on the Web of Documents},
  author = {Pablo N. Mendes and Max Jakob and Andres Garcia-Silva and Christian Bizer},
  year = {2011},
  booktitle = {Proceedings of the 7th International Conference on Semantic Systems (I-Semantics)},
}

@incollection{wang2007pore,
  title={Pore: Positive-only relation extraction from wikipedia text},
  author={Wang, Gang and Yu, Yong and Zhu, Haiping},
  booktitle={The Semantic Web},
  pages={580--594},
  year={2007},
  publisher={Springer}
}

@inproceedings{DBLP:bibsonomy_dbpedia_live_extraction,
   author              = {Sebastian Hellmann and 
                          Claus Stadler and 
                          Jens Lehmann and 
                          Sören Auer and 
                          Sören Auer},
   title               = {DBpedia Live Extraction},
   booktitle           = {Proc. of 8th International Conference on Ontologies, DataBases, and Applications of Semantics (ODBASE)},
   year                = {2009},
}

@article{morsey2012dbpedia,
  title={Dbpedia and the live extraction of structured data from wikipedia},
  author={Morsey, Mohamed and Lehmann, Jens and Auer, S{\"o}ren and Stadler, Claus and Hellmann, Sebastian},
  journal={Program: electronic library and information systems},
  volume={46},
  number={2},
  pages={157--181},
  year={2012},
  publisher={Emerald Group Publishing Limited}
}


@inproceedings{StanfordNER,
 author = {Finkel, Jenny Rose and Grenager, Trond and Manning, Christopher},
 title = {Incorporating non-local information into information extraction systems by Gibbs sampling},
 booktitle = {ACL},
 series = {ACL '05},
 year = {2005},
 location = {Ann Arbor, Michigan},
 pages = {363--370},
 numpages = {8},
 url = {http://dx.doi.org/10.3115/1219840.1219885},
 doi = {10.3115/1219840.1219885},
 acmid = {1219885},
 publisher = {Association for Computational Linguistics},
 address = {Stroudsburg, PA, USA},
}

@article{HITS,
 author = {Kleinberg, Jon M.},
 title = {Authoritative sources in a hyperlinked environment},
 journal = {J. ACM},
 issue_date = {Sept. 1999},
 volume = {46},
 number = {5},
 month = sep,
 year = {1999},
 issn = {0004-5411},
 pages = {604--632},
 numpages = {29},
 url = {http://doi.acm.org/10.1145/324133.324140},
 doi = {10.1145/324133.324140},
 acmid = {324140},
 publisher = {ACM},
 address = {New York, NY, USA},
 keywords = {World Wide Web, graph algorithms, hypertext structure, link analysis},
}

@inproceedings{AIDA,
  author = {Hoffart, Johannes and Yosef, Mohamed Amir and Bordino, Ilaria and F{\"u}rstenau, Hagen and Pinkal, Manfred and Spaniol, Marc and Taneva, Bilyana and Thater, Stefan and Weikum, Gerhard},
  title = {{Robust Disambiguation of Named Entities in Text}},
  booktitle = {Conference on Empirical Methods in Natural Language Processing, EMNLP 2011, Edinburgh, Scotland},
  year = {2011},
  pages = {782--792}
}
@inproceedings{GER+13,
 author = {Gerber, Daniel and {Ngonga Ngomo}, Axel-Cyrille and Hellmann, Sebastian and Soru, Tommaso and B{\"u}hmann, Lorenz and Usbeck, Ricardo},
 booktitle = {ISWC},
 keywords = {usbeck},
 title = {Real-time RDF extraction from unstructured data streams},
 year = 2013
}
@inproceedings{Singh,
  title={Large-scale cross-document coreference using distributed inference and hierarchical models},
  author={Singh, Sameer and Subramanya, Amarnag and Pereira, Fernando and McCallum, Andrew},
  booktitle={49th ACL: Human Language Technologies-},
  pages={793--803},
  year={2011}}


@incollection{fox,
  author    = {Ren\'e Speck and Axel-Cyrille Ngonga Ngomo},
  title     = {Ensemble Learning for Named Entity Recognition},
  booktitle = {ISWC},
  year      = {2014},
  series    = {Lecture Notes in Computer Science}
}

@inproceedings{pouliquen2004multilingual,
  title={Multilingual and cross-lingual news topic tracking},
  author={Pouliquen, Bruno and Steinberger, Ralf and Ignat, Camelia and K{\"a}sper, Emilia and Temnikova, Irina},
  booktitle={Proceedings of the 20th international conference on Computational Linguistics},
  pages={959},
  year={2004}
}

@inproceedings{Kleb11WIMS,
  author    = {Joachim Kleb and
               Andreas Abecker},
  title     = {Disambiguating entity references within an ontological model},
  booktitle = {WIMS},
  year      = {2011},
  pages     = {22},
  ee        = {http://doi.acm.org/10.1145/1988688.1988714},
 
}

@inproceedings{KlebESWC10,
  author    = {Joachim Kleb and
               Andreas Abecker},
  title     = {Entity Reference Resolution via Spreading Activation on
               RDF-Graphs},
  booktitle = {ESWC (1)},
  year      = {2010},
  pages     = {152-166},
  ee        = {http://dx.doi.org/10.1007/978-3-642-13486-9_11},
 
}

@inproceedings{Kleb07I3,
  author    = {Raphael Volz and
               Joachim Kleb and
               Wolfgang Mueller},
  title     = {Towards Ontology-based Disambiguation of Geographical Identifiers},
  booktitle = {I3},
  year      = {2007},
  ee        = {http://ceur-ws.org/Vol-249/submission_132.pdf},
  crossref  = {DBLP:conf/i3/2007},
  bibsource = {DBLP, http://dblp.uni-trier.de}
}

@proceedings{DBLP:conf/i3/2007,
  editor    = {Paolo Bouquet and
               Heiko Stoermer and
               Giovanni Tummarello and
               Harry Halpin},
  title     = {Proceedings of the WWW2007 Workshop I$^{\mbox{3}}$: Identity,
               Identifiers, Identification, Entity-Centric Approaches to
               Information and Knowledge Management on the Web, Banff,
               Canada, May 8, 2007},
  booktitle = {I3},
  publisher = {CEUR-WS.org},
  series    = {CEUR Workshop Proceedings},
  volume    = {249},
  year      = {2007},
  crossref  = {DBLP:conf/i3/2007},
  bibsource = {DBLP, http://dblp.uni-trier.de}
}

@INPROCEEDINGS{Kleb11ICDIM, 
author= { Joachim Kleb and Raphael Volz }, 
booktitle={Digital Information Management, 2009. ICDIM 2009. Fourth International Conference on}, title={Ontology based entity disambiguation with natural language patterns}, 
year={2009}, 
pages={1-8}, 
doi={10.1109/ICDIM.2009.5356769},}




@inproceedings{Cucerzan07,
  author    = {Silviu Cucerzan},
  title     = {Large-Scale Named Entity Disambiguation Based on Wikipedia
               Data},
  booktitle = {EMNLP-CoNLL},
  year      = {2007},
  pages     = {708-716},
  ee        = {http://www.aclweb.org/anthology/D07-1074},
 
}

@article{babelfy,
  title={Entity Linking meets Word Sense Disambiguation: A Unified Approach},
  author={Moro, Andrea and Raganato, Alessandro and Navigli, Roberto},
  journal={TACL},
  volume={2},
  year={2014}
}

@inproceedings{milne2008learning,
  title={Learning to link with wikipedia},
  author={Milne, David and Witten, Ian H},
  booktitle={17th ACM CIKM},
  pages={509--518},
  year={2008} 
}

@InProceedings{rat:rot,
  author = {L. Ratinov and D. Roth and D. Downey and M. Anderson},
  title = {Local and Global Algorithms for Disambiguation to Wikipedia},
  booktitle = {ACL},
  year = {2011},
  url = "http://cogcomp.cs.illinois.edu/papers/RRDA11.pdf",
}

@incollection{epiphany,
  title={Epiphany: Adaptable rdfa generation linking the web of documents to the web of data},
  author={Adrian, Benjamin and Hees, J{\"o}rn and Herman, Ivan and Sintek, Michael and Dengel, Andreas},
  booktitle={Knowledge Engineering and Management by the Masses},
  pages={178--192},
  year={2010},
  publisher={Springer}
}

@article{nad:sek,
author = {David Nadeau and Satoshi Sekine},
title = {{A survey of named entity recognition and classification}},
journal = {Lingvisticae Investigationes},
volume = {30},
year = {2007},
pages = {3--26},
issue = {1},
doi = {10.1075/li.30.1.03nad},
masid = {14352020}
}


@TechReport{ RDFa,
	author = "B. Adida and I. Herman and M. Sporny and M. Birbeck",
	title = {{RDFa 1.1 {Primer}}},
	series = "Working Group Note",
	year = "2012",
	month = "June",
	publisher = "W3C",
	institution = "World Wide Web Consortium",
	language = "en",
	address = "http://www.w3.org/TR/2012/NOTE-rdfa-primer-20120607/"
}

@inproceedings{conll2003,
   author     = "Tjong Kim Sang, Erik F. and De Meulder, Fien",
   title      = "Introduction to the CoNLL-2003 Shared Task: 
                 Language-Independent Named Entity Recognition",
   booktitle  = "Proceedings of CoNLL-2003",
   pages      = "142--147",
   year       = "2003"
}


@article{Blei:2012:PTM:2133806.2133826,
 author = {Blei, David M.},
 title = {Probabilistic Topic Models},
 journal = {Commun. ACM},
 issue_date = {April 2012},
 volume = {55},
 number = {4},
 month = apr,
 year = {2012},
 issn = {0001-0782},
 pages = {77--84},
 numpages = {8},
 url = {http://doi.acm.org/10.1145/2133806.2133826},
 doi = {10.1145/2133806.2133826},
 acmid = {2133826},
 publisher = {ACM},
 address = {New York, NY, USA},
}

@article{Blei:2003:LDA:944919.944937,
 author = {Blei, David M. and Ng, Andrew Y. and Jordan, Michael I.},
 title = {Latent Dirichlet Allocation},
 journal = {J. Mach. Learn. Res.},
 issue_date = {3/1/2003},
 volume = {3},
 month = mar,
 year = {2003},
 issn = {1532-4435},
 pages = {993--1022},
 numpages = {30},
 url = {http://dl.acm.org/citation.cfm?id=944919.944937},
 acmid = {944937},
 publisher = {JMLR.org},
} 

@unpublished{McCallumMALLET,
      author = "Andrew Kachites McCallum",
      title = "MALLET: A Machine Learning for Language Toolkit",
      note = "http://mallet.cs.umass.edu",
      year = 2002
}

@article{griffiths2004finding,
  title={Finding scientific topics},
  author={Griffiths, Thomas L and Steyvers, Mark},
  journal={Proceedings of the National academy of Sciences of the United States of America},
  volume={101},
  number={Suppl 1},
  pages={5228--5235},
  year={2004},
  publisher={National Acad Sciences}
}

@article{TagMe2,
  title={Fast and Accurate Annotation of Short Texts with Wikipedia Pages.},
  author={Ferragina, Paolo and Scaiella, Ugo},
  journal={IEEE software},
  volume={29},
  number={1},
  year={2012}
}

@inproceedings{Cornolti,
  title={A framework for benchmarking entity-annotation systems},
  author={Cornolti, Marco and Ferragina, Paolo and Ciaramita, Massimiliano},
  booktitle={22nd WWW},
  pages={249--260},
  year={2013},
}